02RETORNO01COBRANÇA       30470000314811705209PROMEDICO PLANO ASSISTENCIAL A756 - BANCOOB S/A 2903210000807                                                                                                                                                                                                                                                                                               000001
1022395731500012730470000705209000000                         00000253780109000000DM 00000000000000000000 010926032111289-09                      260920000000000398075630470990000000000000000000000000000000000000000000000000000000000000000000000000000000000000003980000000000000000000000000000000000000000000000000000010000000000000          0002185935364900000000000000000000000000000000000000000002
1022395731500012730470000705209000000                         00000258713309000000DM 00000000000000000000 010926032110728-09                      260920000000000695075630470990000000000000000000000000000000000000000000000000000000000000000000000000000000000000006950000000000000000000000000000000000000000000000000000010000000000000          0000328913960300000000000000000000000000000000000000000003
1022395731500012730470000705209000000                         00000259205409000000DM 00000000000000000000 010926032111356-09                      260920000000000596075630470990000000000000000000000000000000000000000000000000000000000000000000000000000000000000005960000000000000000000000000000000000000000000000000000010000000000000          0001521534772700000000000000000000000000000000000000000004
1022395731500012730470000705209000000                         00000268360008000000DM 00000000000000000000 01092603219050-08                       260920000000000695075630470990000000000000000000000000000000000000000000000000000000000000000000000000000000000000006950000000000000000000000000000000000000000000000000000010000000000000          0004281249664900000000000000000000000000000000000000000005
1022395731500012730470000705209000000                         00000280889307000000DM 00000000000000000000 01092603217543-07                       260920000000000497075630470990000000000000000000000000000000000000000000000000000000000000000000000000000000000000004970000000000000000000000000000000000000000000000000000010000000000000          0000258313269500000000000000000000000000000000000000000006
1022395731500012730470000705209000000                         00000420112803000000DM 00000000000000000000 010626032186-03                         100521000000000299000105060122903210000135000000000000000000000000000000000000000000000000000000000000000000000000002990000000000000000000000000000000000000000000000000000010000000000000          0000048592560500000000000000000000000000000000000000000007
1022395731500012730470000705209000000                         00000365151606000000DM 00000000000000000000 010626032120386-06                      100321000000000398000115870012903210000135000000000000000000000000000000000000000000000000000000000000000000000000004228000000000024800000000000000000000000000000000000000010000000000000          0003867240566800000000000000000000000000000000000000000008
1022395731500012730470000705209000000                         00000390447804000000DM 00000000000000000000 010626032179-04                         250321000000000299003317190122903210000135000000000000000000000000000000000000000000000000000000000000000000000000003230000000000024000000000000000000000000000000000000000010000000000000          0000687125863900000000000000000000000000000000000000000009
1022395731500012730470000705209000000                         00000400498104000000DM 00000000000000000000 010626032125443-04                      250321000000000497003322710992903210000135000000000000000000000000000000000000000000000000000000000000000000000000005082000000000011200000000000000000000000000000000000000010000000000000          0001279500263900000000000000000000000000000000000000000010
1022395731500012730470000705209000000                         00000349890808000000DM 00000000000000000000 010626032110031 EX 01-08                200321000000000497003331520012903210000135000000000000000000000000000000000000000000000000000000000000000000000000005148000000000017800000000000000000000000000000000000000010000000000000          0000496016067500000000000000000000000000000000000000000011
1022395731500012730470000705209000000                         00000430555902000000DM 00000000000000000000 010626032125935-02                      150321000000000299003331540992903210000135000000000000000000000000000000000000000000000000000000000000000000000000003136000000000014600000000000000000000000000000000000000010000000000000          0004757563868700000000000000000000000000000000000000000012
1022395731500012730470000705209000000                         00000335522807000000DM 00000000000000000000 010626032123286-07                      100221000000000398007700010992903210000135000000000000000000000000000000000000000000000000000000000000000000000000004525000000000054500000000000000000000000000000000000000010000000000000          0001147351368500000000000000000000000000000000000000000013
1022395731500012730470000705209000000                         00000342587609000000DM 00000000000000000000 01062603213969-09                       050421000000000398010401180012903210000135000000000000000000000000000000000000000000000000000000000000000000000000003980000000000000000000000000000000000000000000000000000010000000000000          0009169123080400000000000000000000000000000000000000000014
1022395731500012730470000705209000000                         00000348236007000000DM 00000000000000000000 010626032132-07                         300321000000000299010416420122903210000135000000000000000000000000000000000000000000000000000000000000000000000000002990000000000000000000000000000000000000000000000000000010000000000000          0001139412361200000000000000000000000000000000000000000015
1022395731500012730470000705209000000                         00000328197209000000DM 00000000000000000000 01062603213795-09                       250321000000000497010423320012903210000135000000000000000000000000000000000000000000000000000000000000000000000000005082000000000011200000000000000000000000000000000000000010000000000000          0000370304063700000000000000000000000000000000000000000016
1022395731500012730470000705209000000                         00000302112811000000DM 00000000000000000000 01062603219674-11                       300321000000000299010431480012903210000135000000000000000000000000000000000000000000000000000000000000000000000000002990000000000000000000000000000000000000000000000000000010000000000000          0000452796261200000000000000000000000000000000000000000017
1022395731500012730470000705209000000                         00000403580904000000DM 00000000000000000000 010626032125460-04                      150321000000000299010437040992903210000135000000000000000000000000000000000000000000000000000000000000000000000000003136000000000014600000000000000000000000000000000000000010000000000000          0000025222961400000000000000000000000000000000000000000018
1022395731500012730470000705209000000                         00000318387510000000DM 00000000000000000000 01062603213879-10                       300321000000000299010443920012903210000135000000000000000000000000000000000000000000000000000000000000000000000000002990000000000000000000000000000000000000000000000000000010000000000000          0000364332360300000000000000000000000000000000000000000019
1022395731500012730470000705209000000                         00000338652808000000DM 00000000000000000000 010626032123317 INC-08                  150321000000000497023704670992903210000135000000000000000000000000000000000000000000000000000000000000000000000000005214000000000024400000000000000000000000000000000000000010000000000000          0001151199460600000000000000000000000000000000000000000020
1022395731500012730470000705209000000                         00000332931409000000DM 00000000000000000000 010626032123184-09                      300321000000000299023721070122903210000135000000000000000000000000000000000000000000000000000000000000000000000000002990000000000000000000000000000000000000000000000000000010000000000000          0000484201964600000000000000000000000000000000000000000021
1022395731500012730470000705209000000                         00000362550908000000DM 00000000000000000000 010626032121543-08                      010521000000000299023734600122903210000135000000000000000000000000000000000000000000000000000000000000000000000000002990000000000000000000000000000000000000000000000000000010000000000000          0000428077366100000000000000000000000000000000000000000022
1022395731500012730470000705209000000                         00000353610803000000DM 00000000000000000000 010626032124694-03                      200321000000000299023766680012903210000135000000000000000000000000000000000000000000000000000000000000000000000000003096000000000010600000000000000000000000000000000000000010000000000000          0000574764763600000000000000000000000000000000000000000023
1022395731500012730470000705209000000                         00000444645001000000DM 00000000000000000000 010626032126202-01                      200321000000000398063300010992903210000135000000000000000000000000000000000000000000000000000000000000000000000000004122000000000014200000000000000000000000000000000000000010000000000000          0001238589260000000000000000000000000000000000000000000024
1022395731500012730470000705209000000                         00000432281301000000DM 00000000000000000000 010626032198-01                         200321000000000299075614700122903210000135000000000000000000000000000000000000000000000000000000000000000000000000003096000000000010600000000000000000000000000000000000000010000000000000          0008365622769100000000000000000000000000000000000000000025
1022395731500012730470000705209000000                         00000336231808000000DM 00000000000000000000 01062603213518-08                       100321000000000299075629300012903210000135000000000000000000000000000000000000000000000000000000000000000000000000003176000000000018600000000000000000000000000000000000000010000000000000          0001790573769100000000000000000000000000000000000000000026
1022395731500012730470000705209000000                         00000314303010000000DM 00000000000000000000 01062603215096-10                       150321000000000299075674130012903210000135000000000000000000000000000000000000000000000000000000000000000000000000003136000000000014600000000000000000000000000000000000000010000000000000          0001189963264600000000000000000000000000000000000000000027
1022395731500012730470000705209000000                         00000335523508000000DM 00000000000000000000 010626032123286-08                      100321000000000398007700010992903210000135000000000000000000000000000000000000000000000000000000000000000000000000004228000000000024800000000000000000000000000000000000000010000000000000          0001147351368500000000000000000000000000000000000000000028
1022395731500012730470000705209000000                         00000348528607000000DM 00000000000000000000 0106260321EX 6233-07                    250321000000000299010401180012903210000135000000000000000000000000000000000000000000000000000000000000000000000000003056000000000006600000000000000000000000000000000000000010000000000000          0000603610064700000000000000000000000000000000000000000029
1022395731500012730470000705209000000                         00000352402607000000DM 00000000000000000000 010626032166-07                         300321000000000299010416420122903210000135000000000000000000000000000000000000000000000000000000000000000000000000002990000000000000000000000000000000000000000000000000000010000000000000          0000672050960800000000000000000000000000000000000000000030
1022395731500012730470000705209000000                         00000346710008000000DM 00000000000000000000 01062603214280-08                       100421000000000299010423320012903210000135000000000000000000000000000000000000000000000000000000000000000000000000002990000000000000000000000000000000000000000000000000000010000000000000          0000493780165100000000000000000000000000000000000000000031
1022395731500012730470000705209000000                         00000374795906000000DM 00000000000000000000 010626032120645-06                      200321000000000596010431480012903210000135000000000000000000000000000000000000000000000000000000000000000000000000006174000000000021400000000000000000000000000000000000000010000000000000          0000773971769000000000000000000000000000000000000000000032
1022395731500012730470000705209000000                         00000363543606000000DM 00000000000000000000 010626032123775-06                      150321000000000299010443920122903210000135000000000000000000000000000000000000000000000000000000000000000000000000003120000000000013000000000000000000000000000000000000000010000000000000          0000820796565700000000000000000000000000000000000000000033
1022395731500012730470000705209000000                         00000444513301000000DM 00000000000000000000 010626032126084-01                      250321000000000596023704670122903210000135000000000000000000000000000000000000000000000000000000000000000000000000006094000000000013400000000000000000000000000000000000000010000000000000          0001301351768900000000000000000000000000000000000000000034
1022395731500012730470000705209000000                         00000323064210000000DM 00000000000000000000 010626032163-10                         050421000000000299023711210122903210000135000000000000000000000000000000000000000000000000000000000000000000000000002990000000000000000000000000000000000000000000000000000010000000000000          0009148186465300000000000000000000000000000000000000000035
1022395731500012730470000705209000000                         00000374160007000000DM 00000000000000000000 010626032120375-07                      100421000000000398023721070012903210000135000000000000000000000000000000000000000000000000000000000000000000000000003980000000000000000000000000000000000000000000000000000010000000000000          0002157708065300000000000000000000000000000000000000000036
1022395731500012730470000705209000000                         00000362551609000000DM 00000000000000000000 010626032121543-09                      010621000000000299023734600122903210000135000000000000000000000000000000000000000000000000000000000000000000000000002990000000000000000000000000000000000000000000000000000010000000000000          0000428077366100000000000000000000000000000000000000000037
1022395731500012730470000705209000000                         00000367089106000000DM 00000000000000000000 010626032110874-06                      250321000000001670010401180012903210000135000000000000000000000000000000000000000000000000000000000000000000000000017078000000000037800000000000000000000000000000000000000010000000000000          0000078257867500000000000000000000000000000000000000000038
1022395731500012730470000705209000000                         00000310249010000000DM 00000000000000000000 010626032122-10                         300321000000000299010414910122903210000135000000000000000000000000000000000000000000000000000000000000000000000000002990000000000000000000000000000000000000000000000000000010000000000000          0004827474761500000000000000000000000000000000000000000039
1022395731500012730470000705209000000                         00000401929105000000DM 00000000000000000000 01062603217090-05                       100421000000000398010423320012903210000135000000000000000000000000000000000000000000000000000000000000000000000000003980000000000000000000000000000000000000000000000000000010000000000000          0009228021861500000000000000000000000000000000000000000040
1022395731500012730470000705209000000                         00000388886805000000DM 00000000000000000000 0106260321INC 3139-05                   250321000000000398010431480122903210000135000000000000000000000000000000000000000000000000000000000000000000000000003980000000000000000000000000000000000000000000000000000010000000000000          0000843054867000000000000000000000000000000000000000000041
1022395731500012730470000705209000000                         00000293695912000000DM 00000000000000000000 01062603219424-12                       150321000000000299021200010012903210000135000000000000000000000000000000000000000000000000000000000000000000000000003138000000000014800000000000000000000000000000000000000010000000000000          0008786132164900000000000000000000000000000000000000000042
1022395731500012730470000705209000000                         00000413068803000000DM 00000000000000000000 01062603214547-03                       100321000000000299023711210122903210000135000000000000000000000000000000000000000000000000000000000000000000000000003160000000000017000000000000000000000000000000000000000010000000000000          0000725533161000000000000000000000000000000000000000000043
1022395731500012730470000705209000000                         00000402168303000000DM 00000000000000000000 010626032111392-03                      280221000000000299010401180012903210000135000000000000000000000000000000000000000000000000000000000000000000000000003256000000000026600000000000000000000000000000000000000010000000000000          0001219452165800000000000000000000000000000000000000000044
1022395731500012730470000705209000000                         00000361385307000000DM 00000000000000000000 010626032178-07                         200421000000000299010414910122903210000135000000000000000000000000000000000000000000000000000000000000000000000000002990000000000000000000000000000000000000000000000000000010000000000000          0000331842262200000000000000000000000000000000000000000045
1022395731500012730470000705209000000                         00000428118403000000DM 00000000000000000000 01062603217540-03                       100421000000000299010423320012903210000135000000000000000000000000000000000000000000000000000000000000000000000000002990000000000000000000000000000000000000000000000000000010000000000000          0004365782665300000000000000000000000000000000000000000046
1022395731500012730470000705209000000                         00000409546204000000DM 00000000000000000000 0106260321Correto 25524-04              300321000000000398010431480122903210000135000000000000000000000000000000000000000000000000000000000000000000000000003980000000000000000000000000000000000000000000000000000010000000000000          0009741271662000000000000000000000000000000000000000000047
1022395731500012730470000705209000000                         00000405610304000000DM 00000000000000000000 01062603217237-04                       100421000000000596010401180012903210000135000000000000000000000000000000000000000000000000000000000000000000000000005960000000000000000000000000000000000000000000000000000010000000000000          0000282548963800000000000000000000000000000000000000000048
1022395731500012730470000705209000000                         00000375672705000000DM 00000000000000000000 010626032124-05                         250321000000000299010414910122903210000135000000000000000000000000000000000000000000000000000000000000000000000000003230000000000024000000000000000000000000000000000000000010000000000000          0001099912067000000000000000000000000000000000000000000049
1022395731500012730470000705209000000                         00000434850401000000DM 00000000000000000000 010626032122165-01                      300321000000000398010423320012903210000135000000000000000000000000000000000000000000000000000000000000000000000000003980000000000000000000000000000000000000000000000000000010000000000000          0005586070260400000000000000000000000000000000000000000050
1022395731500012730470000705209000000                         00000430399902000000DM 00000000000000000000 010626032123058-02                      250321000000000299010431480012903210000135000000000000000000000000000000000000000000000000000000000000000000000000003056000000000006600000000000000000000000000000000000000010000000000000          0000659561166000000000000000000000000000000000000000000051
1022395731500012730470000705209000000                         00000413303504000000DM 00000000000000000000 010626032125480-04                      250321000000000398010401180992903210000135000000000000000000000000000000000000000000000000000000000000000000000000004069000000000008900000000000000000000000000000000000000010000000000000          0000425799166600000000000000000000000000000000000000000052
1022395731500012730470000705209000000                         00000392985505000000DM 00000000000000000000 010626032177-05                         150421000000000299010414910122903210000135000000000000000000000000000000000000000000000000000000000000000000000000002990000000000000000000000000000000000000000000000000000010000000000000          0000384640362800000000000000000000000000000000000000000053
1022395731500012730470000705209000000                         00000448334002000000DM 00000000000000000000 0106260321FID EST 9642-02               300421000000000596010423320012903210000135000000000000000000000000000000000000000000000000000000000000000000000000005960000000000000000000000000000000000000000000000000000010000000000000          0009215361561500000000000000000000000000000000000000000054
1022395731500012730470000705209000000                         00000431228302000000DM 00000000000000000000 010626032125885-02                      280321000000000299010431480122903210000135000000000000000000000000000000000000000000000000000000000000000000000000002990000000000000000000000000000000000000000000000000000010000000000000          0003700229089400000000000000000000000000000000000000000055
1022395731500012730470000705209000000                         00000301548011000000DM 00000000000000000000 010626032136-11                         250321000000000299023769800122903210000135000000000000000000000000000000000000000000000000000000000000000000000000003230000000000024000000000000000000000000000000000000000010000000000000          0007820311266800000000000000000000000000000000000000000056
1022395731500012730470000705209000000                         00000409473003000000DM 00000000000000000000 010626032184-03                         200321000000000299010414910122903210000135000000000000000000000000000000000000000000000000000000000000000000000000003240000000000025000000000000000000000000000000000000000010000000000000          0000290255562800000000000000000000000000000000000000000057
1022395731500012730470000705209000000                         00000358696606000000DM 00000000000000000000 010626032190-06                         250321000000000299023769800122903210000135000000000000000000000000000000000000000000000000000000000000000000000000003230000000000024000000000000000000000000000000000000000010000000000000          0004934131663400000000000000000000000000000000000000000058
1022395731500012730470000705209000000                         00000415893503000000DM 00000000000000000000 010626032160-03                         300321000000000299010414910122903210000135000000000000000000000000000000000000000000000000000000000000000000000000002990000000000000000000000000000000000000000000000000000010000000000000          0000964408864600000000000000000000000000000000000000000059
1022395731500012730470000705209000000                         00000430675801000000DM 00000000000000000000 010626032115-01                         280321000000000299023769800122903210000135000000000000000000000000000000000000000000000000000000000000000000000000002990000000000000000000000000000000000000000000000000000010000000000000          0001665229489300000000000000000000000000000000000000000060
1022395731500012730470000705209000000                         00000425001001000000DM 00000000000000000000 010626032124889-01                      200221000000000299010414910012903210000135000000000000000000000000000000000000000000000000000000000000000000000000003320000000000033000000000000000000000000000000000000000010000000000000          0007778473160400000000000000000000000000000000000000000061
1022395731500012730470000705209000000                         00000425002802000000DM 00000000000000000000 010626032124889-02                      200321000000000299010414910012903210000135000000000000000000000000000000000000000000000000000000000000000000000000003096000000000010600000000000000000000000000000000000000010000000000000          0007778473160400000000000000000000000000000000000000000062
1022395731500012730470000705209000000                         00000299208511000000DM 00000000000000000000 010626032122-11                         100421000000000299000111540122903210000135000000000000000000000000000000000000000000000000000000000000000000000000002990000000000000000000000000000000000000000000000000000010000000000000          0008320758963400000000000000000000000000000000000000000063
1022395731500012730470000705209000000                         00000327693309000000DM 00000000000000000000 010626032110229-09                      300321000000000299000111540012903210000135000000000000000000000000000000000000000000000000000000000000000000000000002990000000000000000000000000000000000000000000000000000010000000000000          0008259043564900000000000000000000000000000000000000000064
1022395731500012730470000705209000000                         00000413723004000000DM 00000000000000000000 010626032121690-04                      100421000000000299000111540122903210000135000000000000000000000000000000000000000000000000000000000000000000000000002990000000000000000000000000000000000000000000000000000010000000000000          0000714629065400000000000000000000000000000000000000000065
1022395731500012730470000705209000000                         00000430975301000000DM 00000000000000000000 010626032150-01                         300321000000000299000111540122903210000135000000000000000000000000000000000000000000000000000000000000000000000000002990000000000000000000000000000000000000000000000000000010000000000000          0000697011763400000000000000000000000000000000000000000066
1022395731500012730470000705209000000                         00000345301707000000DM 00000000000000000000 010626032187-07                         250321000000000299010432340122903210000135000000000000000000000000000000000000000000000000000000000000000000000000003230000000000024000000000000000000000000000000000000000010000000000000          0000522275567300000000000000000000000000000000000000000067
1022395731500012730470000705209000000                         00000361252906000000DM 00000000000000000000 010626032174-06                         300321000000000299010432340122903210000135000000000000000000000000000000000000000000000000000000000000000000000000002990000000000000000000000000000000000000000000000000000010000000000000          0004951602768700000000000000000000000000000000000000000068
1022395731500012730470000705209000000                         00000409402704000000DM 00000000000000000000 010626032136-04                         150421000000000299010432340122903210000135000000000000000000000000000000000000000000000000000000000000000000000000002990000000000000000000000000000000000000000000000000000010000000000000          0007047912762000000000000000000000000000000000000000000069
1022395731500012730470000705209000000                         00000412949504000000DM 00000000000000000000 010626032147-04                         050421000000000299010432340122903210000135000000000000000000000000000000000000000000000000000000000000000000000000002990000000000000000000000000000000000000000000000000000010000000000000          0000277528968100000000000000000000000000000000000000000070
1022395731500012730470000705209000000                         00000287079911000000DM 00000000000000000000 010626032121-11                         300121000000000299010407060122903210000135000000000000000000000000000000000000000000000000000000000000000000000000003338000000000034800000000000000000000000000000000000000010000000000000          0000698589467400000000000000000000000000000000000000000071
1022395731500012730470000705209000000                         00000287080712000000DM 00000000000000000000 010626032121-12                         280221000000000299010407060122903210000135000000000000000000000000000000000000000000000000000000000000000000000000003280000000000029000000000000000000000000000000000000000010000000000000          0000698589467400000000000000000000000000000000000000000072
1022395731500012730470000705209000000                         00000433902301000000DM 00000000000000000000 010626032143-01                         250321000000000299010407060122903210000135000000000000000000000000000000000000000000000000000000000000000000000000003056000000000006600000000000000000000000000000000000000010000000000000          0000315393661700000000000000000000000000000000000000000073
1022395731500012730470000705209000000                         00000431705302000000DM 00000000000000000000 011026032121847-02                      200321000000000299075630470120000000000070000000000000000000000000000000000000000000000000000000000000000000000000002990000000000000000000000000000000000000000000000000000010000000000000          0000106444964600000000000000000000000000000000000000000074
1022395731500012730470000705209000000                         00000435522101000000DM 00000000000000000000 011026032113-01                         150321000000000299075630470120000000000070000000000000000000000000000000000000000000000000000000000000000000000000002990000000000000000000000000000000000000000000000000000010000000000000          0000939383365600000000000000000000000000000000000000000075
1022395731500012730470000705209000000                         00000287068812000000DM 00000000000000000000 011026032126-12                         280221000000000299075630470120000000000070000000000000000000000000000000000000000000000000000000000000000000000000002990000000000000000000000000000000000000000000000000000010000000000000          0001092761462600000000000000000000000000000000000000000076
1022395731500012730470000705209000000                         00000404232901000000DM 00000000000000000000 011026032125475 resp-01                 201220000000000299075630470990000000000070000000000000000000000000000000000000000000000000000000000000000000000000002990000000000000000000000000000000000000000000000000000010000000000000          0001010645862000000000000000000000000000000000000000000077
1022395731500012730470000705209000000                         00000404233602000000DM 00000000000000000000 011026032125475 resp-02                 200121000000000299075630470990000000000070000000000000000000000000000000000000000000000000000000000000000000000000002990000000000000000000000000000000000000000000000000000010000000000000          0001010645862000000000000000000000000000000000000000000078
1022395731500012730470000705209000000                         00000404234303000000DM 00000000000000000000 011026032125475 resp-03                 200221000000000299075630470990000000000070000000000000000000000000000000000000000000000000000000000000000000000000002990000000000000000000000000000000000000000000000000000010000000000000          0001010645862000000000000000000000000000000000000000000079
1022395731500012730470000705209000000                         00000404235004000000DM 00000000000000000000 011026032125475 resp-04                 200321000000000299075630470990000000000070000000000000000000000000000000000000000000000000000000000000000000000000002990000000000000000000000000000000000000000000000000000010000000000000          0001010645862000000000000000000000000000000000000000000080
1022395731500012730470000705209000000                         00000404236805000000DM 00000000000000000000 011026032125475 resp-05                 200421000000000299075630470990000000000070000000000000000000000000000000000000000000000000000000000000000000000000002990000000000000000000000000000000000000000000000000000010000000000000          0001010645862000000000000000000000000000000000000000000081
1022395731500012730470000705209000000                         00000404237506000000DM 00000000000000000000 011026032125475 resp-06                 200521000000000299075630470990000000000070000000000000000000000000000000000000000000000000000000000000000000000000002990000000000000000000000000000000000000000000000000000010000000000000          0001010645862000000000000000000000000000000000000000000082
1022395731500012730470000705209000000                         00000404238207000000DM 00000000000000000000 011026032125475 resp-07                 200621000000000299075630470990000000000070000000000000000000000000000000000000000000000000000000000000000000000000002990000000000000000000000000000000000000000000000000000010000000000000          0001010645862000000000000000000000000000000000000000000083
1022395731500012730470000705209000000                         00000404239008000000DM 00000000000000000000 011026032125475 resp-08                 200721000000000299075630470990000000000070000000000000000000000000000000000000000000000000000000000000000000000000002990000000000000000000000000000000000000000000000000000010000000000000          0001010645862000000000000000000000000000000000000000000084
1022395731500012730470000705209000000                         00000404240809000000DM 00000000000000000000 011026032125475 resp-09                 200821000000000299075630470990000000000070000000000000000000000000000000000000000000000000000000000000000000000000002990000000000000000000000000000000000000000000000000000010000000000000          0001010645862000000000000000000000000000000000000000000085
1022395731500012730470000705209000000                         00000404241510000000DM 00000000000000000000 011026032125475 resp-10                 200921000000000299075630470990000000000070000000000000000000000000000000000000000000000000000000000000000000000000002990000000000000000000000000000000000000000000000000000010000000000000          0001010645862000000000000000000000000000000000000000000086
1022395731500012730470000705209000000                         00000404242211000000DM 00000000000000000000 011026032125475 resp-11                 201021000000000299075630470990000000000070000000000000000000000000000000000000000000000000000000000000000000000000002990000000000000000000000000000000000000000000000000000010000000000000          0001010645862000000000000000000000000000000000000000000087
1022395731500012730470000705209000000                         00000404243012000000DM 00000000000000000000 011026032125475 resp-12                 201121000000000299075630470990000000000070000000000000000000000000000000000000000000000000000000000000000000000000002990000000000000000000000000000000000000000000000000000010000000000000          0001010645862000000000000000000000000000000000000000000088
1022395731500012730470000705209000000                         00000265631409000000DM 00000000000000000000 011026032124780-09                      101020000000000299075630470990000000000070000000000000000000000000000000000000000000000000000000000000000000000000002990000000000000000000000000000000000000000000000000000010000000000000          0000896350762900000000000000000000000000000000000000000089
1022395731500012730470000705209000000                         00000265632110000000DM 00000000000000000000 011026032124780-10                      101120000000000299075630470990000000000070000000000000000000000000000000000000000000000000000000000000000000000000002990000000000000000000000000000000000000000000000000000010000000000000          0000896350762900000000000000000000000000000000000000000090
1022395731500012730470000705209000000                         00000265633911000000DM 00000000000000000000 011026032124780-11                      101220000000000299075630470990000000000070000000000000000000000000000000000000000000000000000000000000000000000000002990000000000000000000000000000000000000000000000000000010000000000000          0000896350762900000000000000000000000000000000000000000091
1022395731500012730470000705209000000                         00000265634612000000DM 00000000000000000000 011026032124780-12                      100121000000000299075630470990000000000070000000000000000000000000000000000000000000000000000000000000000000000000002990000000000000000000000000000000000000000000000000000010000000000000          0000896350762900000000000000000000000000000000000000000092
1022395731500012730470000705209000000                         00000292416411000000DM 00000000000000000000 011026032122534-11                      100221000000000497075630470120000000000070000000000000000000000000000000000000000000000000000000000000000000000000004970000000000000000000000000000000000000000000000000000010000000000000          0000473583364100000000000000000000000000000000000000000093
1022395731500012730470000705209000000                         00000292417112000000DM 00000000000000000000 011026032122534-12                      100321000000000497075630470120000000000070000000000000000000000000000000000000000000000000000000000000000000000000004970000000000000000000000000000000000000000000000000000010000000000000          0000473583364100000000000000000000000000000000000000000094
1022395731500012730470000705209000000                         00000294271407000000DM 00000000000000000000 01102603213074-07                       201020000000000299075630470010000000000070000000000000000000000000000000000000000000000000000000000000000000000000002990000000000000000000000000000000000000000000000000000010000000000000          0000608258164400000000000000000000000000000000000000000095
1022395731500012730470000705209000000                         00000294272108000000DM 00000000000000000000 01102603213074-08                       201120000000000299075630470010000000000070000000000000000000000000000000000000000000000000000000000000000000000000002990000000000000000000000000000000000000000000000000000010000000000000          0000608258164400000000000000000000000000000000000000000096
1022395731500012730470000705209000000                         00000294273909000000DM 00000000000000000000 01102603213074-09                       201220000000000299075630470010000000000070000000000000000000000000000000000000000000000000000000000000000000000000002990000000000000000000000000000000000000000000000000000010000000000000          0000608258164400000000000000000000000000000000000000000097
1022395731500012730470000705209000000                         00000294274610000000DM 00000000000000000000 01102603213074-10                       200121000000000299075630470010000000000070000000000000000000000000000000000000000000000000000000000000000000000000002990000000000000000000000000000000000000000000000000000010000000000000          0000608258164400000000000000000000000000000000000000000098
1022395731500012730470000705209000000                         00000294275311000000DM 00000000000000000000 01102603213074-11                       200221000000000299075630470010000000000070000000000000000000000000000000000000000000000000000000000000000000000000002990000000000000000000000000000000000000000000000000000010000000000000          0000608258164400000000000000000000000000000000000000000099
1022395731500012730470000705209000000                         00000294276012000000DM 00000000000000000000 01102603213074-12                       200321000000000299075630470010000000000070000000000000000000000000000000000000000000000000000000000000000000000000002990000000000000000000000000000000000000000000000000000010000000000000          0000608258164400000000000000000000000000000000000000000100
1022395731500012730470000705209000000                         00000315965710000000DM 00000000000000000000 01102603213117-10                       150321000000000398075630470010000000000070000000000000000000000000000000000000000000000000000000000000000000000000003980000000000000000000000000000000000000000000000000000010000000000000          0000603533361300000000000000000000000000000000000000000101
1022395731500012730470000705209000000                         00000318874905000000DM 00000000000000000000 011026032123008-05                      151020000000000398075630470990000000000070000000000000000000000000000000000000000000000000000000000000000000000000003980000000000000000000000000000000000000000000000000000010000000000000          0000374551669900000000000000000000000000000000000000000102
1022395731500012730470000705209000000                         00000318875606000000DM 00000000000000000000 011026032123008-06                      151120000000000398075630470990000000000070000000000000000000000000000000000000000000000000000000000000000000000000003980000000000000000000000000000000000000000000000000000010000000000000          0000374551669900000000000000000000000000000000000000000103
1022395731500012730470000705209000000                         00000318876307000000DM 00000000000000000000 011026032123008-07                      151220000000000398075630470990000000000070000000000000000000000000000000000000000000000000000000000000000000000000003980000000000000000000000000000000000000000000000000000010000000000000          0000374551669900000000000000000000000000000000000000000104
1022395731500012730470000705209000000                         00000318877008000000DM 00000000000000000000 011026032123008-08                      150121000000000398075630470990000000000070000000000000000000000000000000000000000000000000000000000000000000000000003980000000000000000000000000000000000000000000000000000010000000000000          0000374551669900000000000000000000000000000000000000000105
1022395731500012730470000705209000000                         00000318878809000000DM 00000000000000000000 011026032123008-09                      150221000000000398075630470990000000000070000000000000000000000000000000000000000000000000000000000000000000000000003980000000000000000000000000000000000000000000000000000010000000000000          0000374551669900000000000000000000000000000000000000000106
1022395731500012730470000705209000000                         00000318879510000000DM 00000000000000000000 011026032123008-10                      150321000000000398075630470990000000000070000000000000000000000000000000000000000000000000000000000000000000000000003980000000000000000000000000000000000000000000000000000010000000000000          0000374551669900000000000000000000000000000000000000000107
1022395731500012730470000705209000000                         00000321194708000000DM 00000000000000000000 011026032120-08                         200321000000000299075630470120000000000070000000000000000000000000000000000000000000000000000000000000000000000000002990000000000000000000000000000000000000000000000000000010000000000000          0000245154264000000000000000000000000000000000000000000108
1022395731500012730470000705209000000                         00000322315809000000DM 00000000000000000000 011026032135-09                         300321000000000299075630470120000000000070000000000000000000000000000000000000000000000000000000000000000000000000002990000000000000000000000000000000000000000000000000000010000000000000          0000033586160100000000000000000000000000000000000000000109
1022395731500012730470000705209000000                         00000335799808000000DM 00000000000000000000 01102603213801-08                       250321000000000299075630470010000000000070000000000000000000000000000000000000000000000000000000000000000000000000002990000000000000000000000000000000000000000000000000000010000000000000          0001438979762000000000000000000000000000000000000000000110
1022395731500012730470000705209000000                         00000336214203000000DM 00000000000000000000 011026032110783-03                      101020000000000596075630470010000000000070000000000000000000000000000000000000000000000000000000000000000000000000005960000000000000000000000000000000000000000000000000000010000000000000          0008364539060000000000000000000000000000000000000000000111
1022395731500012730470000705209000000                         00000336215004000000DM 00000000000000000000 011026032110783-04                      101120000000000596075630470010000000000070000000000000000000000000000000000000000000000000000000000000000000000000005960000000000000000000000000000000000000000000000000000010000000000000          0008364539060000000000000000000000000000000000000000000112
1022395731500012730470000705209000000                         00000336216705000000DM 00000000000000000000 011026032110783-05                      101220000000000596075630470010000000000070000000000000000000000000000000000000000000000000000000000000000000000000005960000000000000000000000000000000000000000000000000000010000000000000          0008364539060000000000000000000000000000000000000000000113
1022395731500012730470000705209000000                         00000336217406000000DM 00000000000000000000 011026032110783-06                      100121000000000596075630470010000000000070000000000000000000000000000000000000000000000000000000000000000000000000005960000000000000000000000000000000000000000000000000000010000000000000          0008364539060000000000000000000000000000000000000000000114
1022395731500012730470000705209000000                         00000336218107000000DM 00000000000000000000 011026032110783-07                      100221000000000596075630470010000000000070000000000000000000000000000000000000000000000000000000000000000000000000005960000000000000000000000000000000000000000000000000000010000000000000          0008364539060000000000000000000000000000000000000000000115
1022395731500012730470000705209000000                         00000336219908000000DM 00000000000000000000 011026032110783-08                      100321000000000596075630470010000000000070000000000000000000000000000000000000000000000000000000000000000000000000005960000000000000000000000000000000000000000000000000000010000000000000          0008364539060000000000000000000000000000000000000000000116
1022395731500012730470000705209000000                         00000336220709000000DM 00000000000000000000 011026032110783-09                      100421000000000596075630470010000000000070000000000000000000000000000000000000000000000000000000000000000000000000005960000000000000000000000000000000000000000000000000000010000000000000          0008364539060000000000000000000000000000000000000000000117
1022395731500012730470000705209000000                         00000336221410000000DM 00000000000000000000 011026032110783-10                      100521000000000596075630470010000000000070000000000000000000000000000000000000000000000000000000000000000000000000005960000000000000000000000000000000000000000000000000000010000000000000          0008364539060000000000000000000000000000000000000000000118
1022395731500012730470000705209000000                         00000336222111000000DM 00000000000000000000 011026032110783-11                      100621000000000596075630470010000000000070000000000000000000000000000000000000000000000000000000000000000000000000005960000000000000000000000000000000000000000000000000000010000000000000          0008364539060000000000000000000000000000000000000000000119
1022395731500012730470000705209000000                         00000336223912000000DM 00000000000000000000 011026032110783-12                      100721000000000596075630470010000000000070000000000000000000000000000000000000000000000000000000000000000000000000005960000000000000000000000000000000000000000000000000000010000000000000          0008364539060000000000000000000000000000000000000000000120
1022395731500012730470000705209000000                         00000347057107000000DM 00000000000000000000 011026032120402-07                      100321000000000398075630470010000000000070000000000000000000000000000000000000000000000000000000000000000000000000003980000000000000000000000000000000000000000000000000000010000000000000          0001232949868300000000000000000000000000000000000000000121
1022395731500012730470000705209000000                         00000349732906000000DM 00000000000000000000 01102603215958-06                       100221000000000497075630470010000000000070000000000000000000000000000000000000000000000000000000000000000000000000004970000000000000000000000000000000000000000000000000000010000000000000          0000695545060300000000000000000000000000000000000000000122
1022395731500012730470000705209000000                         00000357988306000000DM 00000000000000000000 01102603215991-06                       100221000000000398075630470010000000000070000000000000000000000000000000000000000000000000000000000000000000000000003980000000000000000000000000000000000000000000000000000010000000000000          0002674062169100000000000000000000000000000000000000000123
1022395731500012730470000705209000000                         00000357989007000000DM 00000000000000000000 01102603215991-07                       100321000000000398075630470010000000000070000000000000000000000000000000000000000000000000000000000000000000000000003980000000000000000000000000000000000000000000000000000010000000000000          0002674062169100000000000000000000000000000000000000000124
1022395731500012730470000705209000000                         00000359284006000000DM 00000000000000000000 011026032190-06                         050321000000000299075630470120000000000070000000000000000000000000000000000000000000000000000000000000000000000000002990000000000000000000000000000000000000000000000000000010000000000000          0000016270762200000000000000000000000000000000000000000125
1022395731500012730470000705209000000                         00000361948106000000DM 00000000000000000000 011026032123673-06                      200321000000000299075630470990000000000070000000000000000000000000000000000000000000000000000000000000000000000000002990000000000000000000000000000000000000000000000000000010000000000000          0000302257160700000000000000000000000000000000000000000126
1022395731500012730470000705209000000                         00000371436107000000DM 00000000000000000000 0110260321INC 24213-07                  150421000000000596075630470120000000000070000000000000000000000000000000000000000000000000000000000000000000000000005960000000000000000000000000000000000000000000000000000010000000000000          0000979438586700000000000000000000000000000000000000000127
1022395731500012730470000705209000000                         00000371437908000000DM 00000000000000000000 0110260321INC 24213-08                  150521000000000596075630470120000000000070000000000000000000000000000000000000000000000000000000000000000000000000005960000000000000000000000000000000000000000000000000000010000000000000          0000979438586700000000000000000000000000000000000000000128
1022395731500012730470000705209000000                         00000371438609000000DM 00000000000000000000 0110260321INC 24213-09                  150621000000000596075630470120000000000070000000000000000000000000000000000000000000000000000000000000000000000000005960000000000000000000000000000000000000000000000000000010000000000000          0000979438586700000000000000000000000000000000000000000129
1022395731500012730470000705209000000                         00000371439310000000DM 00000000000000000000 0110260321INC 24213-10                  150721000000000596075630470120000000000070000000000000000000000000000000000000000000000000000000000000000000000000005960000000000000000000000000000000000000000000000000000010000000000000          0000979438586700000000000000000000000000000000000000000130
1022395731500012730470000705209000000                         00000371440111000000DM 00000000000000000000 0110260321INC 24213-11                  150821000000000596075630470120000000000070000000000000000000000000000000000000000000000000000000000000000000000000005960000000000000000000000000000000000000000000000000000010000000000000          0000979438586700000000000000000000000000000000000000000131
1022395731500012730470000705209000000                         00000371441912000000DM 00000000000000000000 0110260321INC 24213-12                  150921000000000596075630470120000000000070000000000000000000000000000000000000000000000000000000000000000000000000005960000000000000000000000000000000000000000000000000000010000000000000          0000979438586700000000000000000000000000000000000000000132
1022395731500012730470000705209000000                         00000379999706000000DM 00000000000000000000 01102603214540-06                       100421000000000299075630470120000000000070000000000000000000000000000000000000000000000000000000000000000000000000002990000000000000000000000000000000000000000000000000000010000000000000          0000941846865400000000000000000000000000000000000000000133
1022395731500012730470000705209000000                         00000394144705000000DM 00000000000000000000 011026032124221-05                      100421000000000299075630470010000000000070000000000000000000000000000000000000000000000000000000000000000000000000002990000000000000000000000000000000000000000000000000000010000000000000          0001102424366400000000000000000000000000000000000000000134
1022395731500012730470000705209000000                         00000394145406000000DM 00000000000000000000 011026032124221-06                      100521000000000299075630470010000000000070000000000000000000000000000000000000000000000000000000000000000000000000002990000000000000000000000000000000000000000000000000000010000000000000          0001102424366400000000000000000000000000000000000000000135
1022395731500012730470000705209000000                         00000394146107000000DM 00000000000000000000 011026032124221-07                      100621000000000299075630470010000000000070000000000000000000000000000000000000000000000000000000000000000000000000002990000000000000000000000000000000000000000000000000000010000000000000          0001102424366400000000000000000000000000000000000000000136
1022395731500012730470000705209000000                         00000394147908000000DM 00000000000000000000 011026032124221-08                      100721000000000299075630470010000000000070000000000000000000000000000000000000000000000000000000000000000000000000002990000000000000000000000000000000000000000000000000000010000000000000          0001102424366400000000000000000000000000000000000000000137
1022395731500012730470000705209000000                         00000394148609000000DM 00000000000000000000 011026032124221-09                      100821000000000299075630470010000000000070000000000000000000000000000000000000000000000000000000000000000000000000002990000000000000000000000000000000000000000000000000000010000000000000          0001102424366400000000000000000000000000000000000000000138
1022395731500012730470000705209000000                         00000394149310000000DM 00000000000000000000 011026032124221-10                      100921000000000299075630470010000000000070000000000000000000000000000000000000000000000000000000000000000000000000002990000000000000000000000000000000000000000000000000000010000000000000          0001102424366400000000000000000000000000000000000000000139
1022395731500012730470000705209000000                         00000394150111000000DM 00000000000000000000 011026032124221-11                      101021000000000299075630470010000000000070000000000000000000000000000000000000000000000000000000000000000000000000002990000000000000000000000000000000000000000000000000000010000000000000          0001102424366400000000000000000000000000000000000000000140
1022395731500012730470000705209000000                         00000394151912000000DM 00000000000000000000 011026032124221-12                      101121000000000299075630470010000000000070000000000000000000000000000000000000000000000000000000000000000000000000002990000000000000000000000000000000000000000000000000000010000000000000          0001102424366400000000000000000000000000000000000000000141
1022395731500012730470000705209000000                         00000419510501000000DM 00000000000000000000 011026032124780-01                      100221000000000299075630470010000000000070000000000000000000000000000000000000000000000000000000000000000000000000002990000000000000000000000000000000000000000000000000000010000000000000          0000896350762900000000000000000000000000000000000000000142
1022395731500012730470000705209000000                         00000419511202000000DM 00000000000000000000 011026032124780-02                      100321000000000299075630470010000000000070000000000000000000000000000000000000000000000000000000000000000000000000002990000000000000000000000000000000000000000000000000000010000000000000          0000896350762900000000000000000000000000000000000000000143
1022395731500012730470000705209000000                         00000419512003000000DM 00000000000000000000 011026032124780-03                      100421000000000299075630470010000000000070000000000000000000000000000000000000000000000000000000000000000000000000002990000000000000000000000000000000000000000000000000000010000000000000          0000896350762900000000000000000000000000000000000000000144
1022395731500012730470000705209000000                         00000419513704000000DM 00000000000000000000 011026032124780-04                      100521000000000299075630470010000000000070000000000000000000000000000000000000000000000000000000000000000000000000002990000000000000000000000000000000000000000000000000000010000000000000          0000896350762900000000000000000000000000000000000000000145
1022395731500012730470000705209000000                         00000419514405000000DM 00000000000000000000 011026032124780-05                      100621000000000299075630470010000000000070000000000000000000000000000000000000000000000000000000000000000000000000002990000000000000000000000000000000000000000000000000000010000000000000          0000896350762900000000000000000000000000000000000000000146
1022395731500012730470000705209000000                         00000419515106000000DM 00000000000000000000 011026032124780-06                      100721000000000299075630470010000000000070000000000000000000000000000000000000000000000000000000000000000000000000002990000000000000000000000000000000000000000000000000000010000000000000          0000896350762900000000000000000000000000000000000000000147
1022395731500012730470000705209000000                         00000419516907000000DM 00000000000000000000 011026032124780-07                      100821000000000299075630470010000000000070000000000000000000000000000000000000000000000000000000000000000000000000002990000000000000000000000000000000000000000000000000000010000000000000          0000896350762900000000000000000000000000000000000000000148
1022395731500012730470000705209000000                         00000419517608000000DM 00000000000000000000 011026032124780-08                      100921000000000299075630470010000000000070000000000000000000000000000000000000000000000000000000000000000000000000002990000000000000000000000000000000000000000000000000000010000000000000          0000896350762900000000000000000000000000000000000000000149
1022395731500012730470000705209000000                         00000419518309000000DM 00000000000000000000 011026032124780-09                      101021000000000299075630470010000000000070000000000000000000000000000000000000000000000000000000000000000000000000002990000000000000000000000000000000000000000000000000000010000000000000          0000896350762900000000000000000000000000000000000000000150
1022395731500012730470000705209000000                         00000419519010000000DM 00000000000000000000 011026032124780-10                      101121000000000299075630470010000000000070000000000000000000000000000000000000000000000000000000000000000000000000002990000000000000000000000000000000000000000000000000000010000000000000          0000896350762900000000000000000000000000000000000000000151
1022395731500012730470000705209000000                         00000419520911000000DM 00000000000000000000 011026032124780-11                      101221000000000299075630470010000000000070000000000000000000000000000000000000000000000000000000000000000000000000002990000000000000000000000000000000000000000000000000000010000000000000          0000896350762900000000000000000000000000000000000000000152
1022395731500012730470000705209000000                         00000419521612000000DM 00000000000000000000 011026032124780-12                      100122000000000299075630470010000000000070000000000000000000000000000000000000000000000000000000000000000000000000002990000000000000000000000000000000000000000000000000000010000000000000          0000896350762900000000000000000000000000000000000000000153
1022395731500012730470000705209000000                         00000420255602000000DM 00000000000000000000 011026032196-02                         100321000000000299075630470120000000000070000000000000000000000000000000000000000000000000000000000000000000000000002990000000000000000000000000000000000000000000000000000010000000000000          0001906558264900000000000000000000000000000000000000000154
1022395731500012730470000705209000000                         00000421492103000000DM 00000000000000000000 011026032121829-03                      300321000000000299075630470120000000000070000000000000000000000000000000000000000000000000000000000000000000000000002990000000000000000000000000000000000000000000000000000010000000000000          0008364652362000000000000000000000000000000000000000000155
1022395731500012730470000705209000000                         00000424468102000000DM 00000000000000000000 011026032125708-02                      100321000000000299075630470990000000000070000000000000000000000000000000000000000000000000000000000000000000000000002990000000000000000000000000000000000000000000000000000010000000000000          0006892522068700000000000000000000000000000000000000000156
1022395731500012730470000705209000000                         00000431434104000000DM 00000000000000000000 011026032120403 EX 01-04                300421000000000398075630470010000000000070000000000000000000000000000000000000000000000000000000000000000000000000003980000000000000000000000000000000000000000000000000000010000000000000          0000888574169000000000000000000000000000000000000000000157
1022395731500012730470000705209000000                         00000431435905000000DM 00000000000000000000 011026032120403 EX 01-05                300521000000000398075630470010000000000070000000000000000000000000000000000000000000000000000000000000000000000000003980000000000000000000000000000000000000000000000000000010000000000000          0000888574169000000000000000000000000000000000000000000158
1022395731500012730470000705209000000                         00000431436606000000DM 00000000000000000000 011026032120403 EX 01-06                300621000000000398075630470010000000000070000000000000000000000000000000000000000000000000000000000000000000000000003980000000000000000000000000000000000000000000000000000010000000000000          0000888574169000000000000000000000000000000000000000000159
1022395731500012730470000705209000000                         00000431437307000000DM 00000000000000000000 011026032120403 EX 01-07                300721000000000398075630470010000000000070000000000000000000000000000000000000000000000000000000000000000000000000003980000000000000000000000000000000000000000000000000000010000000000000          0000888574169000000000000000000000000000000000000000000160
1022395731500012730470000705209000000                         00000431438008000000DM 00000000000000000000 011026032120403 EX 01-08                300821000000000398075630470010000000000070000000000000000000000000000000000000000000000000000000000000000000000000003980000000000000000000000000000000000000000000000000000010000000000000          0000888574169000000000000000000000000000000000000000000161
1022395731500012730470000705209000000                         00000431439809000000DM 00000000000000000000 011026032120403 EX 01-09                300921000000000398075630470010000000000070000000000000000000000000000000000000000000000000000000000000000000000000003980000000000000000000000000000000000000000000000000000010000000000000          0000888574169000000000000000000000000000000000000000000162
1022395731500012730470000705209000000                         00000431440610000000DM 00000000000000000000 011026032120403 EX 01-10                301021000000000398075630470010000000000070000000000000000000000000000000000000000000000000000000000000000000000000003980000000000000000000000000000000000000000000000000000010000000000000          0000888574169000000000000000000000000000000000000000000163
1022395731500012730470000705209000000                         00000431441311000000DM 00000000000000000000 011026032120403 EX 01-11                301121000000000398075630470010000000000070000000000000000000000000000000000000000000000000000000000000000000000000003980000000000000000000000000000000000000000000000000000010000000000000          0000888574169000000000000000000000000000000000000000000164
1022395731500012730470000705209000000                         00000431442012000000DM 00000000000000000000 011026032120403 EX 01-12                301221000000000398075630470010000000000070000000000000000000000000000000000000000000000000000000000000000000000000003980000000000000000000000000000000000000000000000000000010000000000000          0000888574169000000000000000000000000000000000000000000165
1022395731500012730470000705209000000                         00000437650801000000DM 00000000000000000000 01102603217820-01                       200321000000000497075630470010000000000070000000000000000000000000000000000000000000000000000000000000000000000000004970000000000000000000000000000000000000000000000000000010000000000000          0000840105665900000000000000000000000000000000000000000166
1022395731500012730470000705209000000                         00000439349202000000DM 00000000000000000000 011026032125989-02                      100421000000000299075630470990000000000070000000000000000000000000000000000000000000000000000000000000000000000000002990000000000000000000000000000000000000000000000000000010000000000000          0005849505369100000000000000000000000000000000000000000167
1022395731500012730470000705209000000                         00000439350003000000DM 00000000000000000000 011026032125989-03                      100521000000000299075630470990000000000070000000000000000000000000000000000000000000000000000000000000000000000000002990000000000000000000000000000000000000000000000000000010000000000000          0005849505369100000000000000000000000000000000000000000168
1022395731500012730470000705209000000                         00000439351804000000DM 00000000000000000000 011026032125989-04                      100621000000000299075630470990000000000070000000000000000000000000000000000000000000000000000000000000000000000000002990000000000000000000000000000000000000000000000000000010000000000000          0005849505369100000000000000000000000000000000000000000169
1022395731500012730470000705209000000                         00000439352505000000DM 00000000000000000000 011026032125989-05                      100721000000000299075630470990000000000070000000000000000000000000000000000000000000000000000000000000000000000000002990000000000000000000000000000000000000000000000000000010000000000000          0005849505369100000000000000000000000000000000000000000170
1022395731500012730470000705209000000                         00000439353206000000DM 00000000000000000000 011026032125989-06                      100821000000000299075630470990000000000070000000000000000000000000000000000000000000000000000000000000000000000000002990000000000000000000000000000000000000000000000000000010000000000000          0005849505369100000000000000000000000000000000000000000171
1022395731500012730470000705209000000                         00000439354007000000DM 00000000000000000000 011026032125989-07                      100921000000000299075630470990000000000070000000000000000000000000000000000000000000000000000000000000000000000000002990000000000000000000000000000000000000000000000000000010000000000000          0005849505369100000000000000000000000000000000000000000172
1022395731500012730470000705209000000                         00000439355708000000DM 00000000000000000000 011026032125989-08                      101021000000000299075630470990000000000070000000000000000000000000000000000000000000000000000000000000000000000000002990000000000000000000000000000000000000000000000000000010000000000000          0005849505369100000000000000000000000000000000000000000173
1022395731500012730470000705209000000                         00000439356409000000DM 00000000000000000000 011026032125989-09                      101121000000000299075630470990000000000070000000000000000000000000000000000000000000000000000000000000000000000000002990000000000000000000000000000000000000000000000000000010000000000000          0005849505369100000000000000000000000000000000000000000174
1022395731500012730470000705209000000                         00000439357110000000DM 00000000000000000000 011026032125989-10                      101221000000000299075630470990000000000070000000000000000000000000000000000000000000000000000000000000000000000000002990000000000000000000000000000000000000000000000000000010000000000000          0005849505369100000000000000000000000000000000000000000175
1022395731500012730470000705209000000                         00000439358911000000DM 00000000000000000000 011026032125989-11                      100122000000000299075630470990000000000070000000000000000000000000000000000000000000000000000000000000000000000000002990000000000000000000000000000000000000000000000000000010000000000000          0005849505369100000000000000000000000000000000000000000176
1022395731500012730470000705209000000                         00000439359612000000DM 00000000000000000000 011026032125989-12                      100222000000000299075630470990000000000070000000000000000000000000000000000000000000000000000000000000000000000000002990000000000000000000000000000000000000000000000000000010000000000000          0005849505369100000000000000000000000000000000000000000177
1022395731500012730470000705209000000                         00000443920301000000DM 00000000000000000000 011026032126129-01                      250321000000000299075630470010000000000070000000000000000000000000000000000000000000000000000000000000000000000000002990000000000000000000000000000000000000000000000000000010000000000000          0003349669263400000000000000000000000000000000000000000178
1022395731500012730470000705209000000                         00000454235701000000DM 00000000000000000000 01102603217987-01                       100421000000000299075630470010000000000070000000000000000000000000000000000000000000000000000000000000000000000000002990000000000000000000000000000000000000000000000000000010000000000000          0009406161060000000000000000000000000000000000000000000179
1022395731500012730470000705209000000                         00000454236402000000DM 00000000000000000000 01102603217987-02                       100521000000000299075630470010000000000070000000000000000000000000000000000000000000000000000000000000000000000000002990000000000000000000000000000000000000000000000000000010000000000000          0009406161060000000000000000000000000000000000000000000180
1022395731500012730470000705209000000                         00000454237103000000DM 00000000000000000000 01102603217987-03                       100621000000000299075630470010000000000070000000000000000000000000000000000000000000000000000000000000000000000000002990000000000000000000000000000000000000000000000000000010000000000000          0009406161060000000000000000000000000000000000000000000181
1022395731500012730470000705209000000                         00000454238904000000DM 00000000000000000000 01102603217987-04                       100721000000000299075630470010000000000070000000000000000000000000000000000000000000000000000000000000000000000000002990000000000000000000000000000000000000000000000000000010000000000000          0009406161060000000000000000000000000000000000000000000182
1022395731500012730470000705209000000                         00000454239605000000DM 00000000000000000000 01102603217987-05                       100821000000000299075630470010000000000070000000000000000000000000000000000000000000000000000000000000000000000000002990000000000000000000000000000000000000000000000000000010000000000000          0009406161060000000000000000000000000000000000000000000183
1022395731500012730470000705209000000                         00000454240406000000DM 00000000000000000000 01102603217987-06                       100921000000000299075630470010000000000070000000000000000000000000000000000000000000000000000000000000000000000000002990000000000000000000000000000000000000000000000000000010000000000000          0009406161060000000000000000000000000000000000000000000184
1022395731500012730470000705209000000                         00000454241107000000DM 00000000000000000000 01102603217987-07                       101021000000000299075630470010000000000070000000000000000000000000000000000000000000000000000000000000000000000000002990000000000000000000000000000000000000000000000000000010000000000000          0009406161060000000000000000000000000000000000000000000185
1022395731500012730470000705209000000                         00000454242908000000DM 00000000000000000000 01102603217987-08                       101121000000000299075630470010000000000070000000000000000000000000000000000000000000000000000000000000000000000000002990000000000000000000000000000000000000000000000000000010000000000000          0009406161060000000000000000000000000000000000000000000186
1022395731500012730470000705209000000                         00000454243609000000DM 00000000000000000000 01102603217987-09                       101221000000000299075630470010000000000070000000000000000000000000000000000000000000000000000000000000000000000000002990000000000000000000000000000000000000000000000000000010000000000000          0009406161060000000000000000000000000000000000000000000187
1022395731500012730470000705209000000                         00000454244310000000DM 00000000000000000000 01102603217987-10                       100122000000000299075630470010000000000070000000000000000000000000000000000000000000000000000000000000000000000000002990000000000000000000000000000000000000000000000000000010000000000000          0009406161060000000000000000000000000000000000000000000188
1022395731500012730470000705209000000                         00000454245011000000DM 00000000000000000000 01102603217987-11                       100222000000000299075630470010000000000070000000000000000000000000000000000000000000000000000000000000000000000000002990000000000000000000000000000000000000000000000000000010000000000000          0009406161060000000000000000000000000000000000000000000189
1022395731500012730470000705209000000                         00000454246812000000DM 00000000000000000000 01102603217987-12                       100322000000000299075630470010000000000070000000000000000000000000000000000000000000000000000000000000000000000000002990000000000000000000000000000000000000000000000000000010000000000000          0009406161060000000000000000000000000000000000000000000190
1022395731500012730470000705209000000                         00000456647001000000DM 00000000000000000000 011026032122534-01                      100421000000000497075630470010000000000070000000000000000000000000000000000000000000000000000000000000000000000000004970000000000000000000000000000000000000000000000000000010000000000000          0000473583364100000000000000000000000000000000000000000191
1022395731500012730470000705209000000                         00000456648802000000DM 00000000000000000000 011026032122534-02                      100521000000000497075630470010000000000070000000000000000000000000000000000000000000000000000000000000000000000000004970000000000000000000000000000000000000000000000000000010000000000000          0000473583364100000000000000000000000000000000000000000192
1022395731500012730470000705209000000                         00000456649503000000DM 00000000000000000000 011026032122534-03                      100621000000000497075630470010000000000070000000000000000000000000000000000000000000000000000000000000000000000000004970000000000000000000000000000000000000000000000000000010000000000000          0000473583364100000000000000000000000000000000000000000193
1022395731500012730470000705209000000                         00000456650304000000DM 00000000000000000000 011026032122534-04                      100721000000000497075630470010000000000070000000000000000000000000000000000000000000000000000000000000000000000000004970000000000000000000000000000000000000000000000000000010000000000000          0000473583364100000000000000000000000000000000000000000194
1022395731500012730470000705209000000                         00000456651005000000DM 00000000000000000000 011026032122534-05                      100821000000000497075630470010000000000070000000000000000000000000000000000000000000000000000000000000000000000000004970000000000000000000000000000000000000000000000000000010000000000000          0000473583364100000000000000000000000000000000000000000195
1022395731500012730470000705209000000                         00000456652806000000DM 00000000000000000000 011026032122534-06                      100921000000000497075630470010000000000070000000000000000000000000000000000000000000000000000000000000000000000000004970000000000000000000000000000000000000000000000000000010000000000000          0000473583364100000000000000000000000000000000000000000196
1022395731500012730470000705209000000                         00000456653507000000DM 00000000000000000000 011026032122534-07                      101021000000000497075630470010000000000070000000000000000000000000000000000000000000000000000000000000000000000000004970000000000000000000000000000000000000000000000000000010000000000000          0000473583364100000000000000000000000000000000000000000197
1022395731500012730470000705209000000                         00000456654208000000DM 00000000000000000000 011026032122534-08                      101121000000000497075630470010000000000070000000000000000000000000000000000000000000000000000000000000000000000000004970000000000000000000000000000000000000000000000000000010000000000000          0000473583364100000000000000000000000000000000000000000198
1022395731500012730470000705209000000                         00000456655009000000DM 00000000000000000000 011026032122534-09                      101221000000000497075630470010000000000070000000000000000000000000000000000000000000000000000000000000000000000000004970000000000000000000000000000000000000000000000000000010000000000000          0000473583364100000000000000000000000000000000000000000199
1022395731500012730470000705209000000                         00000456656710000000DM 00000000000000000000 011026032122534-10                      100122000000000497075630470010000000000070000000000000000000000000000000000000000000000000000000000000000000000000004970000000000000000000000000000000000000000000000000000010000000000000          0000473583364100000000000000000000000000000000000000000200
1022395731500012730470000705209000000                         00000456657411000000DM 00000000000000000000 011026032122534-11                      100222000000000497075630470010000000000070000000000000000000000000000000000000000000000000000000000000000000000000004970000000000000000000000000000000000000000000000000000010000000000000          0000473583364100000000000000000000000000000000000000000201
1022395731500012730470000705209000000                         00000456658112000000DM 00000000000000000000 011026032122534-12                      100322000000000497075630470010000000000070000000000000000000000000000000000000000000000000000000000000000000000000004970000000000000000000000000000000000000000000000000000010000000000000          0000473583364100000000000000000000000000000000000000000202
9027563047SICOOB CREDICOPE         AV GETÚLIO VARGAS                                 Centro                        35140000Tarumirim                     MG290320210000020100000458425                                                                                                                                                                                                                    000203
