02RETORNO01COBRANCA       00000000000005104039FUNDACAO HOSPITALAR SAO SEBAST237BRADESCO       2602190160000000001                                                                                                                                                                                                                                                                          260219         000001
1021863231500011700000090148700701734                         000000000000000001000000000000000000000000000903260219000000554000000000000000000100260219000000000950004800127  000000000000000000000000000000000000000000000000000000000000000000000000000000000000000000000000000000000000000000000                          7174000000                                                                  000002
9201237          000000000000000000000000000001          00000000000000000000000000000000000000000000000000000000000000000000000000000000000000000000000000000000000000000000000000000000000                                                                                                                                                                              00000000000000000000000         000003
