02RETORNO01COBRANCA       00000000000005104039FUNDACAO HOSPITALAR SAO SEBAST237BRADESCO       2702190160000000001                                                                                                                                                                                                                                                                          270219         000001
1021863231500011700000090148700701734                         000000000000000001190000000000000000000000000902270219000000306200000000000000000119270219000000000950023701487  000000000000000000000000000000000000000000000000000000000000000000000000000000000000000000000000000000000000000000000                          0000000000                                                                  000002
9201237          000000010000000000950000000001          00001000000009500000000000000000000000000000000000000000000000000000000000000000000000000000000000000000000000000000000000000000000                                                                                                                                                                              00000000000000000000000         000003
