02RETORNO01COBRANCA       56618   511959000000FUNDACAO HOSPITALAR SAO SEBAST136UNICREDDOBRASIL050219799000000000008511959                                                                                                                                                                                                                                                                                 000001
1021863231500011756618   5119590000000851195900000000000260231           01     01   0190000000000000000001806040219                              100219000000000950023714870000502190000280                                       00000000000000000000000000000000000950000000000000001/001                     000000000922000      00                                                                  000002
1021863231500011756618   5119590000000851195900000000000260363           01     01   0190000000000000000001806040219                              100219000000000950010401560000502190000280                                       00000000000000000000000000000000000950000000000000001/002                     000000000922000      00                                                                  000003
1021863231500011756618   5119590000000851195900000000000268402           01     01   0190000000000000000001806040219                              100219000000000950010401560000502190000280                                       00000000000000000000000000000000000950000000000000001/002                     000000000922000      00                                                                  000004
1021863231500011756618   5119590000000851195900000000000269360           01     01   0190000000000000000001806040219                              100219000000000950010401560000502190000280                                       00000000000000000000000000000000000950000000000000001/002                     000000000922000      00                                                                  000005
1021863231500011756618   5119590000000851195900000000000274526           01     01   0190000000000000000001806040219                              100219000000000950010401560000502190000280                                       00000000000000000000000000000000000950000000000000001/002                     000000000922000      00                                                                  000006
1021863231500011756618   5119590000000851195900000000000275247           01     01   0190000000000000000001806040219                              100219000000000950034115010000502190000280                                       00000000000000000000000000000000000950000000000000001/002                     000000000922000      00                                                                  000007
1021863231500011756618   5119590000000851195900000000000278009           01     01   0190000000000000000001806040219                              100219000000000950010401560000502190000280                                       00000000000000000000000000000000000950000000000000001/002                     000000000922000      00                                                                  000008
1021863231500011756618   5119590000000851195900000000000278963           01     01   0190000000000000000001806040219                              100219000000000950000100120000502190000280                                       00000000000000000000000000000000000950000000000000002/002                     000000000922000      00                                                                  000009
1021863231500011756618   5119590000000851195900000000000280526           01     01   0190000000000000000001806040219                              100219000000000950000100120000502190000280                                       00000000000000000000000000000000000950000000000000001/002                     000000000922000      00                                                                  000010
1021863231500011756618   5119590000000851195900000000000295647           01     01   0190000000000000000001806040219                              100219000000000950010401560000502190000280                                       00000000000000000000000000000000000950000000000000001/002                     000000000922000      00                                                                  000011
1021863231500011756618   5119590000000851195900000000000314960           01     01   0190000000000000000001806040219                              100219000000000950010401560000502190000280                                       00000000000000000000000000000000000950000000000000001/002                     000000000922000      00                                                                  000012
1021863231500011756618   5119590000000851195900000000000330566           01     01   0190000000000000000001806040219                              100219000000000950010401560000502190000280                                       00000000000000000000000000000000000950000000000000001/002                     000000000922000      00                                                                  000013
1021863231500011756618   5119590000000851195900000000000360678           01     01   0190000000000000000001806040219                              150219000000001400010401560000502190000280                                       00000000000000000000000000000000001400000000000000001/001                     000000001372000      00                                                                  000014
1021863231500011756618   5119590000000851195900000000000361151           01     01   0190000000000000000001806040219                              150219000000001400003333360000502190000280                                       00000000000000000000000000000000001400000000000000001/001                     000000001372000      00                                                                  000015
1021863231500011756618   5119590000000851195900000000000369314           01     01   0190000000000000000001806040219                              150219000000001400010401560000502190000280                                       00000000000000000000000000000000001400000000000000001/001                     000000001372000      00                                                                  000016
9                                                                                                                                                                                                                                                                                                                                                                                                         000017