75600000         223957315000127                    03047 00000007052090PROMEDICO PLANO ASSISTENCIAL ASICOOB                                  11003202120571800000108100000                                                                     
75600011R01  040 2023957315000127                    03047 0000000705209 PROMEDICO PLANO ASSISTENCIAL A                                                                                000000011003202100000000                                 
7560001300001P 0103047 0000000705209 000014781001016     10 2214781          2004202100000000029900000000 02N1003202100000000000000000000000000000000000000000000000000000000000000000000000000000000052719677              3000   090000000000 
7560001300002Q 011000000052719677ADAO LAURINDO                           Rua Amazonas 416                        CARAVELAS      35164286IPATINGA       MG2023957315000127PROMEDICO PLANO ASSISTENCIAL A          000                            
7560001300003P 0103047 0000000705209 000014781001016     10 2214781          2005202100000000029900000000 02N1003202100000000000000000000000000000000000000000000000000000000000000000000000000000000052719677              3000   090000000000 
7560001300004Q 011000000052719677ADAO LAURINDO                           Rua Amazonas 416                        CARAVELAS      35164286IPATINGA       MG2023957315000127PROMEDICO PLANO ASSISTENCIAL A          000                            
7560001300005P 0103047 0000000705209 000014781001016     10 2214781          2006202100000000029900000000 02N1003202100000000000000000000000000000000000000000000000000000000000000000000000000000000052719677              3000   090000000000 
7560001300006Q 011000000052719677ADAO LAURINDO                           Rua Amazonas 416                        CARAVELAS      35164286IPATINGA       MG2023957315000127PROMEDICO PLANO ASSISTENCIAL A          000                            
7560001300007P 0103047 0000000705209 000014781001016     10 2214781          2007202100000000029900000000 02N1003202100000000000000000000000000000000000000000000000000000000000000000000000000000000052719677              3000   090000000000 
7560001300008Q 011000000052719677ADAO LAURINDO                           Rua Amazonas 416                        CARAVELAS      35164286IPATINGA       MG2023957315000127PROMEDICO PLANO ASSISTENCIAL A          000                            
7560001300009P 0103047 0000000705209 000014781001016     10 2214781          2008202100000000029900000000 02N1003202100000000000000000000000000000000000000000000000000000000000000000000000000000000052719677              3000   090000000000 
7560001300010Q 011000000052719677ADAO LAURINDO                           Rua Amazonas 416                        CARAVELAS      35164286IPATINGA       MG2023957315000127PROMEDICO PLANO ASSISTENCIAL A          000                            
7560001300011P 0103047 0000000705209 000014781001016     10 2214781          2009202100000000029900000000 02N1003202100000000000000000000000000000000000000000000000000000000000000000000000000000000052719677              3000   090000000000 
7560001300012Q 011000000052719677ADAO LAURINDO                           Rua Amazonas 416                        CARAVELAS      35164286IPATINGA       MG2023957315000127PROMEDICO PLANO ASSISTENCIAL A          000                            
7560001300013P 0103047 0000000705209 000014781001016     10 2214781          2010202100000000029900000000 02N1003202100000000000000000000000000000000000000000000000000000000000000000000000000000000052719677              3000   090000000000 
7560001300014Q 011000000052719677ADAO LAURINDO                           Rua Amazonas 416                        CARAVELAS      35164286IPATINGA       MG2023957315000127PROMEDICO PLANO ASSISTENCIAL A          000                            
7560001300015P 0103047 0000000705209 000014781001016     10 2214781          2011202100000000029900000000 02N1003202100000000000000000000000000000000000000000000000000000000000000000000000000000000052719677              3000   090000000000 
7560001300016Q 011000000052719677ADAO LAURINDO                           Rua Amazonas 416                        CARAVELAS      35164286IPATINGA       MG2023957315000127PROMEDICO PLANO ASSISTENCIAL A          000                            
7560001300017P 0103047 0000000705209 000014781001016     10 2214781          2012202100000000029900000000 02N1003202100000000000000000000000000000000000000000000000000000000000000000000000000000000052719677              3000   090000000000 
7560001300018Q 011000000052719677ADAO LAURINDO                           Rua Amazonas 416                        CARAVELAS      35164286IPATINGA       MG2023957315000127PROMEDICO PLANO ASSISTENCIAL A          000                            
7560001300019P 0103047 0000000705209 000014781001016     10 2214781          2001202200000000029900000000 02N1003202100000000000000000000000000000000000000000000000000000000000000000000000000000000052719677              3000   090000000000 
7560001300020Q 011000000052719677ADAO LAURINDO                           Rua Amazonas 416                        CARAVELAS      35164286IPATINGA       MG2023957315000127PROMEDICO PLANO ASSISTENCIAL A          000                            
7560001300021P 0103047 0000000705209 000014781001016     10 2214781          2002202200000000029900000000 02N1003202100000000000000000000000000000000000000000000000000000000000000000000000000000000052719677              3000   090000000000 
7560001300022Q 011000000052719677ADAO LAURINDO                           Rua Amazonas 416                        CARAVELAS      35164286IPATINGA       MG2023957315000127PROMEDICO PLANO ASSISTENCIAL A          000                            
7560001300023P 0103047 0000000705209 000014781001016     10 2214781          2003202200000000029900000000 02N1003202100000000000000000000000000000000000000000000000000000000000000000000000000000000052719677              3000   090000000000 
7560001300024Q 011000000052719677ADAO LAURINDO                           Rua Amazonas 416                        CARAVELAS      35164286IPATINGA       MG2023957315000127PROMEDICO PLANO ASSISTENCIAL A          000                            
7560001300025P 0103047 0000000705209 000014778901016     10 2214778          2004202100000000069500000000 02N1003202100000000000000000000000000000000000000000000000000000000000000000000000000000012258681650              3000   090000000000 
7560001300026Q 011000012258681650ALICIANE NUNES DOS SANTOS               RUA DOS EUCALIPTOS 10                   REVES DO BELEM 35340000BOM JESUS DO GAMG2023957315000127PROMEDICO PLANO ASSISTENCIAL A          000                            
7560001300027P 0103047 0000000705209 000014778901016     10 2214778          2005202100000000069500000000 02N1003202100000000000000000000000000000000000000000000000000000000000000000000000000000012258681650              3000   090000000000 
7560001300028Q 011000012258681650ALICIANE NUNES DOS SANTOS               RUA DOS EUCALIPTOS 10                   REVES DO BELEM 35340000BOM JESUS DO GAMG2023957315000127PROMEDICO PLANO ASSISTENCIAL A          000                            
7560001300029P 0103047 0000000705209 000014778901016     10 2214778          2006202100000000069500000000 02N1003202100000000000000000000000000000000000000000000000000000000000000000000000000000012258681650              3000   090000000000 
7560001300030Q 011000012258681650ALICIANE NUNES DOS SANTOS               RUA DOS EUCALIPTOS 10                   REVES DO BELEM 35340000BOM JESUS DO GAMG2023957315000127PROMEDICO PLANO ASSISTENCIAL A          000                            
7560001300031P 0103047 0000000705209 000014778901016     10 2214778          2007202100000000069500000000 02N1003202100000000000000000000000000000000000000000000000000000000000000000000000000000012258681650              3000   090000000000 
7560001300032Q 011000012258681650ALICIANE NUNES DOS SANTOS               RUA DOS EUCALIPTOS 10                   REVES DO BELEM 35340000BOM JESUS DO GAMG2023957315000127PROMEDICO PLANO ASSISTENCIAL A          000                            
7560001300033P 0103047 0000000705209 000014778901016     10 2214778          2008202100000000069500000000 02N1003202100000000000000000000000000000000000000000000000000000000000000000000000000000012258681650              3000   090000000000 
7560001300034Q 011000012258681650ALICIANE NUNES DOS SANTOS               RUA DOS EUCALIPTOS 10                   REVES DO BELEM 35340000BOM JESUS DO GAMG2023957315000127PROMEDICO PLANO ASSISTENCIAL A          000                            
7560001300035P 0103047 0000000705209 000014778901016     10 2214778          2009202100000000069500000000 02N1003202100000000000000000000000000000000000000000000000000000000000000000000000000000012258681650              3000   090000000000 
7560001300036Q 011000012258681650ALICIANE NUNES DOS SANTOS               RUA DOS EUCALIPTOS 10                   REVES DO BELEM 35340000BOM JESUS DO GAMG2023957315000127PROMEDICO PLANO ASSISTENCIAL A          000                            
7560001300037P 0103047 0000000705209 000014778901016     10 2214778          2010202100000000069500000000 02N1003202100000000000000000000000000000000000000000000000000000000000000000000000000000012258681650              3000   090000000000 
7560001300038Q 011000012258681650ALICIANE NUNES DOS SANTOS               RUA DOS EUCALIPTOS 10                   REVES DO BELEM 35340000BOM JESUS DO GAMG2023957315000127PROMEDICO PLANO ASSISTENCIAL A          000                            
7560001300039P 0103047 0000000705209 000014778901016     10 2214778          2011202100000000069500000000 02N1003202100000000000000000000000000000000000000000000000000000000000000000000000000000012258681650              3000   090000000000 
7560001300040Q 011000012258681650ALICIANE NUNES DOS SANTOS               RUA DOS EUCALIPTOS 10                   REVES DO BELEM 35340000BOM JESUS DO GAMG2023957315000127PROMEDICO PLANO ASSISTENCIAL A          000                            
7560001300041P 0103047 0000000705209 000014778901016     10 2214778          2012202100000000069500000000 02N1003202100000000000000000000000000000000000000000000000000000000000000000000000000000012258681650              3000   090000000000 
7560001300042Q 011000012258681650ALICIANE NUNES DOS SANTOS               RUA DOS EUCALIPTOS 10                   REVES DO BELEM 35340000BOM JESUS DO GAMG2023957315000127PROMEDICO PLANO ASSISTENCIAL A          000                            
7560001300043P 0103047 0000000705209 000014778901016     10 2214778          2001202200000000069500000000 02N1003202100000000000000000000000000000000000000000000000000000000000000000000000000000012258681650              3000   090000000000 
7560001300044Q 011000012258681650ALICIANE NUNES DOS SANTOS               RUA DOS EUCALIPTOS 10                   REVES DO BELEM 35340000BOM JESUS DO GAMG2023957315000127PROMEDICO PLANO ASSISTENCIAL A          000                            
7560001300045P 0103047 0000000705209 000014778901016     10 2214778          2002202200000000069500000000 02N1003202100000000000000000000000000000000000000000000000000000000000000000000000000000012258681650              3000   090000000000 
7560001300046Q 011000012258681650ALICIANE NUNES DOS SANTOS               RUA DOS EUCALIPTOS 10                   REVES DO BELEM 35340000BOM JESUS DO GAMG2023957315000127PROMEDICO PLANO ASSISTENCIAL A          000                            
7560001300047P 0103047 0000000705209 000014778901016     10 2214778          2003202200000000069500000000 02N1003202100000000000000000000000000000000000000000000000000000000000000000000000000000012258681650              3000   090000000000 
7560001300048Q 011000012258681650ALICIANE NUNES DOS SANTOS               RUA DOS EUCALIPTOS 10                   REVES DO BELEM 35340000BOM JESUS DO GAMG2023957315000127PROMEDICO PLANO ASSISTENCIAL A          000                            
7560001300049P 0103047 0000000705209 000014780401016     10 2214780          2004202100000000039800000000 02N1003202100000000000000000000000000000000000000000000000000000000000000000000000000000002865746674              3000   090000000000 
7560001300050Q 011000002865746674CARLOS ANTONIO DA SILVA (RESP)          Rua Beirute 25                          BETHaNIA       35164028IPATINGA       MG2023957315000127PROMEDICO PLANO ASSISTENCIAL A          000                            
7560001300051P 0103047 0000000705209 000014780401016     10 2214780          2005202100000000039800000000 02N1003202100000000000000000000000000000000000000000000000000000000000000000000000000000002865746674              3000   090000000000 
7560001300052Q 011000002865746674CARLOS ANTONIO DA SILVA (RESP)          Rua Beirute 25                          BETHaNIA       35164028IPATINGA       MG2023957315000127PROMEDICO PLANO ASSISTENCIAL A          000                            
7560001300053P 0103047 0000000705209 000014780401016     10 2214780          2006202100000000039800000000 02N1003202100000000000000000000000000000000000000000000000000000000000000000000000000000002865746674              3000   090000000000 
7560001300054Q 011000002865746674CARLOS ANTONIO DA SILVA (RESP)          Rua Beirute 25                          BETHaNIA       35164028IPATINGA       MG2023957315000127PROMEDICO PLANO ASSISTENCIAL A          000                            
7560001300055P 0103047 0000000705209 000014780401016     10 2214780          2007202100000000039800000000 02N1003202100000000000000000000000000000000000000000000000000000000000000000000000000000002865746674              3000   090000000000 
7560001300056Q 011000002865746674CARLOS ANTONIO DA SILVA (RESP)          Rua Beirute 25                          BETHaNIA       35164028IPATINGA       MG2023957315000127PROMEDICO PLANO ASSISTENCIAL A          000                            
7560001300057P 0103047 0000000705209 000014780401016     10 2214780          2008202100000000039800000000 02N1003202100000000000000000000000000000000000000000000000000000000000000000000000000000002865746674              3000   090000000000 
7560001300058Q 011000002865746674CARLOS ANTONIO DA SILVA (RESP)          Rua Beirute 25                          BETHaNIA       35164028IPATINGA       MG2023957315000127PROMEDICO PLANO ASSISTENCIAL A          000                            
7560001300059P 0103047 0000000705209 000014780401016     10 2214780          2009202100000000039800000000 02N1003202100000000000000000000000000000000000000000000000000000000000000000000000000000002865746674              3000   090000000000 
7560001300060Q 011000002865746674CARLOS ANTONIO DA SILVA (RESP)          Rua Beirute 25                          BETHaNIA       35164028IPATINGA       MG2023957315000127PROMEDICO PLANO ASSISTENCIAL A          000                            
7560001300061P 0103047 0000000705209 000014780401016     10 2214780          2010202100000000039800000000 02N1003202100000000000000000000000000000000000000000000000000000000000000000000000000000002865746674              3000   090000000000 
7560001300062Q 011000002865746674CARLOS ANTONIO DA SILVA (RESP)          Rua Beirute 25                          BETHaNIA       35164028IPATINGA       MG2023957315000127PROMEDICO PLANO ASSISTENCIAL A          000                            
7560001300063P 0103047 0000000705209 000014780401016     10 2214780          2011202100000000039800000000 02N1003202100000000000000000000000000000000000000000000000000000000000000000000000000000002865746674              3000   090000000000 
7560001300064Q 011000002865746674CARLOS ANTONIO DA SILVA (RESP)          Rua Beirute 25                          BETHaNIA       35164028IPATINGA       MG2023957315000127PROMEDICO PLANO ASSISTENCIAL A          000                            
7560001300065P 0103047 0000000705209 000014780401016     10 2214780          2012202100000000039800000000 02N1003202100000000000000000000000000000000000000000000000000000000000000000000000000000002865746674              3000   090000000000 
7560001300066Q 011000002865746674CARLOS ANTONIO DA SILVA (RESP)          Rua Beirute 25                          BETHaNIA       35164028IPATINGA       MG2023957315000127PROMEDICO PLANO ASSISTENCIAL A          000                            
7560001300067P 0103047 0000000705209 000014780401016     10 2214780          2001202200000000039800000000 02N1003202100000000000000000000000000000000000000000000000000000000000000000000000000000002865746674              3000   090000000000 
7560001300068Q 011000002865746674CARLOS ANTONIO DA SILVA (RESP)          Rua Beirute 25                          BETHaNIA       35164028IPATINGA       MG2023957315000127PROMEDICO PLANO ASSISTENCIAL A          000                            
7560001300069P 0103047 0000000705209 000014780401016     10 2214780          2002202200000000039800000000 02N1003202100000000000000000000000000000000000000000000000000000000000000000000000000000002865746674              3000   090000000000 
7560001300070Q 011000002865746674CARLOS ANTONIO DA SILVA (RESP)          Rua Beirute 25                          BETHaNIA       35164028IPATINGA       MG2023957315000127PROMEDICO PLANO ASSISTENCIAL A          000                            
7560001300071P 0103047 0000000705209 000014780401016     10 2214780          2003202200000000039800000000 02N1003202100000000000000000000000000000000000000000000000000000000000000000000000000000002865746674              3000   090000000000 
7560001300072Q 011000002865746674CARLOS ANTONIO DA SILVA (RESP)          Rua Beirute 25                          BETHaNIA       35164028IPATINGA       MG2023957315000127PROMEDICO PLANO ASSISTENCIAL A          000                            
7560001300073P 0103047 0000000705209 000014779601016     10 2214779          2804202100000000029900000000 02N1003202100000000000000000000000000000000000000000000000000000000000000000000000000000000688740650              3000   090000000000 
7560001300074Q 011000000688740650CLAUDENICE APARECIDA OLIVEIRA           Rua Ant??nio Boaventura Batista 319     VILA CELESTE   35162484IPATINGA       MG2023957315000127PROMEDICO PLANO ASSISTENCIAL A          000                            
7560001300075P 0103047 0000000705209 000014779601016     10 2214779          2805202100000000029900000000 02N1003202100000000000000000000000000000000000000000000000000000000000000000000000000000000688740650              3000   090000000000 
7560001300076Q 011000000688740650CLAUDENICE APARECIDA OLIVEIRA           Rua Ant??nio Boaventura Batista 319     VILA CELESTE   35162484IPATINGA       MG2023957315000127PROMEDICO PLANO ASSISTENCIAL A          000                            
7560001300077P 0103047 0000000705209 000014779601016     10 2214779          2806202100000000029900000000 02N1003202100000000000000000000000000000000000000000000000000000000000000000000000000000000688740650              3000   090000000000 
7560001300078Q 011000000688740650CLAUDENICE APARECIDA OLIVEIRA           Rua Ant??nio Boaventura Batista 319     VILA CELESTE   35162484IPATINGA       MG2023957315000127PROMEDICO PLANO ASSISTENCIAL A          000                            
7560001300079P 0103047 0000000705209 000014779601016     10 2214779          2807202100000000029900000000 02N1003202100000000000000000000000000000000000000000000000000000000000000000000000000000000688740650              3000   090000000000 
7560001300080Q 011000000688740650CLAUDENICE APARECIDA OLIVEIRA           Rua Ant??nio Boaventura Batista 319     VILA CELESTE   35162484IPATINGA       MG2023957315000127PROMEDICO PLANO ASSISTENCIAL A          000                            
7560001300081P 0103047 0000000705209 000014779601016     10 2214779          2808202100000000029900000000 02N1003202100000000000000000000000000000000000000000000000000000000000000000000000000000000688740650              3000   090000000000 
7560001300082Q 011000000688740650CLAUDENICE APARECIDA OLIVEIRA           Rua Ant??nio Boaventura Batista 319     VILA CELESTE   35162484IPATINGA       MG2023957315000127PROMEDICO PLANO ASSISTENCIAL A          000                            
7560001300083P 0103047 0000000705209 000014779601016     10 2214779          2809202100000000029900000000 02N1003202100000000000000000000000000000000000000000000000000000000000000000000000000000000688740650              3000   090000000000 
7560001300084Q 011000000688740650CLAUDENICE APARECIDA OLIVEIRA           Rua Ant??nio Boaventura Batista 319     VILA CELESTE   35162484IPATINGA       MG2023957315000127PROMEDICO PLANO ASSISTENCIAL A          000                            
7560001300085P 0103047 0000000705209 000014779601016     10 2214779          2810202100000000029900000000 02N1003202100000000000000000000000000000000000000000000000000000000000000000000000000000000688740650              3000   090000000000 
7560001300086Q 011000000688740650CLAUDENICE APARECIDA OLIVEIRA           Rua Ant??nio Boaventura Batista 319     VILA CELESTE   35162484IPATINGA       MG2023957315000127PROMEDICO PLANO ASSISTENCIAL A          000                            
7560001300087P 0103047 0000000705209 000014779601016     10 2214779          2811202100000000029900000000 02N1003202100000000000000000000000000000000000000000000000000000000000000000000000000000000688740650              3000   090000000000 
7560001300088Q 011000000688740650CLAUDENICE APARECIDA OLIVEIRA           Rua Ant??nio Boaventura Batista 319     VILA CELESTE   35162484IPATINGA       MG2023957315000127PROMEDICO PLANO ASSISTENCIAL A          000                            
7560001300089P 0103047 0000000705209 000014779601016     10 2214779          2812202100000000029900000000 02N1003202100000000000000000000000000000000000000000000000000000000000000000000000000000000688740650              3000   090000000000 
7560001300090Q 011000000688740650CLAUDENICE APARECIDA OLIVEIRA           Rua Ant??nio Boaventura Batista 319     VILA CELESTE   35162484IPATINGA       MG2023957315000127PROMEDICO PLANO ASSISTENCIAL A          000                            
7560001300091P 0103047 0000000705209 000014779601016     10 2214779          2801202200000000029900000000 02N1003202100000000000000000000000000000000000000000000000000000000000000000000000000000000688740650              3000   090000000000 
7560001300092Q 011000000688740650CLAUDENICE APARECIDA OLIVEIRA           Rua Ant??nio Boaventura Batista 319     VILA CELESTE   35162484IPATINGA       MG2023957315000127PROMEDICO PLANO ASSISTENCIAL A          000                            
7560001300093P 0103047 0000000705209 000014779601016     10 2214779          2802202200000000029900000000 02N1003202100000000000000000000000000000000000000000000000000000000000000000000000000000000688740650              3000   090000000000 
7560001300094Q 011000000688740650CLAUDENICE APARECIDA OLIVEIRA           Rua Ant??nio Boaventura Batista 319     VILA CELESTE   35162484IPATINGA       MG2023957315000127PROMEDICO PLANO ASSISTENCIAL A          000                            
7560001300095P 0103047 0000000705209 000014779601016     10 2214779          2803202200000000029900000000 02N1003202100000000000000000000000000000000000000000000000000000000000000000000000000000000688740650              3000   090000000000 
7560001300096Q 011000000688740650CLAUDENICE APARECIDA OLIVEIRA           Rua Ant??nio Boaventura Batista 319     VILA CELESTE   35162484IPATINGA       MG2023957315000127PROMEDICO PLANO ASSISTENCIAL A          000                            
7560001300097P 0103047 0000000705209 000014782901016     10 2214782          2004202100000000029900000000 02N1003202100000000000000000000000000000000000000000000000000000000000000000000000000000007276822613              3000   090000000000 
7560001300098Q 011000007276822613GESIANE MARIA DE FARIAS                 Rua Hebreus 100                         CANAa          35164170IPATINGA       MG2023957315000127PROMEDICO PLANO ASSISTENCIAL A          000                            
7560001300099P 0103047 0000000705209 000014782901016     10 2214782          2005202100000000029900000000 02N1003202100000000000000000000000000000000000000000000000000000000000000000000000000000007276822613              3000   090000000000 
7560001300100Q 011000007276822613GESIANE MARIA DE FARIAS                 Rua Hebreus 100                         CANAa          35164170IPATINGA       MG2023957315000127PROMEDICO PLANO ASSISTENCIAL A          000                            
7560001300101P 0103047 0000000705209 000014782901016     10 2214782          2006202100000000029900000000 02N1003202100000000000000000000000000000000000000000000000000000000000000000000000000000007276822613              3000   090000000000 
7560001300102Q 011000007276822613GESIANE MARIA DE FARIAS                 Rua Hebreus 100                         CANAa          35164170IPATINGA       MG2023957315000127PROMEDICO PLANO ASSISTENCIAL A          000                            
7560001300103P 0103047 0000000705209 000014782901016     10 2214782          2007202100000000029900000000 02N1003202100000000000000000000000000000000000000000000000000000000000000000000000000000007276822613              3000   090000000000 
7560001300104Q 011000007276822613GESIANE MARIA DE FARIAS                 Rua Hebreus 100                         CANAa          35164170IPATINGA       MG2023957315000127PROMEDICO PLANO ASSISTENCIAL A          000                            
7560001300105P 0103047 0000000705209 000014782901016     10 2214782          2008202100000000029900000000 02N1003202100000000000000000000000000000000000000000000000000000000000000000000000000000007276822613              3000   090000000000 
7560001300106Q 011000007276822613GESIANE MARIA DE FARIAS                 Rua Hebreus 100                         CANAa          35164170IPATINGA       MG2023957315000127PROMEDICO PLANO ASSISTENCIAL A          000                            
7560001300107P 0103047 0000000705209 000014782901016     10 2214782          2009202100000000029900000000 02N1003202100000000000000000000000000000000000000000000000000000000000000000000000000000007276822613              3000   090000000000 
7560001300108Q 011000007276822613GESIANE MARIA DE FARIAS                 Rua Hebreus 100                         CANAa          35164170IPATINGA       MG2023957315000127PROMEDICO PLANO ASSISTENCIAL A          000                            
7560001300109P 0103047 0000000705209 000014782901016     10 2214782          2010202100000000029900000000 02N1003202100000000000000000000000000000000000000000000000000000000000000000000000000000007276822613              3000   090000000000 
7560001300110Q 011000007276822613GESIANE MARIA DE FARIAS                 Rua Hebreus 100                         CANAa          35164170IPATINGA       MG2023957315000127PROMEDICO PLANO ASSISTENCIAL A          000                            
7560001300111P 0103047 0000000705209 000014782901016     10 2214782          2011202100000000029900000000 02N1003202100000000000000000000000000000000000000000000000000000000000000000000000000000007276822613              3000   090000000000 
7560001300112Q 011000007276822613GESIANE MARIA DE FARIAS                 Rua Hebreus 100                         CANAa          35164170IPATINGA       MG2023957315000127PROMEDICO PLANO ASSISTENCIAL A          000                            
7560001300113P 0103047 0000000705209 000014782901016     10 2214782          2012202100000000029900000000 02N1003202100000000000000000000000000000000000000000000000000000000000000000000000000000007276822613              3000   090000000000 
7560001300114Q 011000007276822613GESIANE MARIA DE FARIAS                 Rua Hebreus 100                         CANAa          35164170IPATINGA       MG2023957315000127PROMEDICO PLANO ASSISTENCIAL A          000                            
7560001300115P 0103047 0000000705209 000014782901016     10 2214782          2001202200000000029900000000 02N1003202100000000000000000000000000000000000000000000000000000000000000000000000000000007276822613              3000   090000000000 
7560001300116Q 011000007276822613GESIANE MARIA DE FARIAS                 Rua Hebreus 100                         CANAa          35164170IPATINGA       MG2023957315000127PROMEDICO PLANO ASSISTENCIAL A          000                            
7560001300117P 0103047 0000000705209 000014782901016     10 2214782          2002202200000000029900000000 02N1003202100000000000000000000000000000000000000000000000000000000000000000000000000000007276822613              3000   090000000000 
7560001300118Q 011000007276822613GESIANE MARIA DE FARIAS                 Rua Hebreus 100                         CANAa          35164170IPATINGA       MG2023957315000127PROMEDICO PLANO ASSISTENCIAL A          000                            
7560001300119P 0103047 0000000705209 000014782901016     10 2214782          2003202200000000029900000000 02N1003202100000000000000000000000000000000000000000000000000000000000000000000000000000007276822613              3000   090000000000 
7560001300120Q 011000007276822613GESIANE MARIA DE FARIAS                 Rua Hebreus 100                         CANAa          35164170IPATINGA       MG2023957315000127PROMEDICO PLANO ASSISTENCIAL A          000                            
7560001300121P 0103047 0000000705209 000014777001016     10 2214777          1004202100000000029900000000 02N1003202100000000000000000000000000000000000000000000000000000000000000000000000000000010588409758              3000   090000000000 
7560001300122Q 011000010588409758GREIZIANE SOARES DA SILVA               Rua Boston 762 N                        BETHaNIA       35164035IPATINGA       MG2023957315000127PROMEDICO PLANO ASSISTENCIAL A          000                            
7560001300123P 0103047 0000000705209 000014777001016     10 2214777          1005202100000000029900000000 02N1003202100000000000000000000000000000000000000000000000000000000000000000000000000000010588409758              3000   090000000000 
7560001300124Q 011000010588409758GREIZIANE SOARES DA SILVA               Rua Boston 762 N                        BETHaNIA       35164035IPATINGA       MG2023957315000127PROMEDICO PLANO ASSISTENCIAL A          000                            
7560001300125P 0103047 0000000705209 000014777001016     10 2214777          1006202100000000029900000000 02N1003202100000000000000000000000000000000000000000000000000000000000000000000000000000010588409758              3000   090000000000 
7560001300126Q 011000010588409758GREIZIANE SOARES DA SILVA               Rua Boston 762 N                        BETHaNIA       35164035IPATINGA       MG2023957315000127PROMEDICO PLANO ASSISTENCIAL A          000                            
7560001300127P 0103047 0000000705209 000014777001016     10 2214777          1007202100000000029900000000 02N1003202100000000000000000000000000000000000000000000000000000000000000000000000000000010588409758              3000   090000000000 
7560001300128Q 011000010588409758GREIZIANE SOARES DA SILVA               Rua Boston 762 N                        BETHaNIA       35164035IPATINGA       MG2023957315000127PROMEDICO PLANO ASSISTENCIAL A          000                            
7560001300129P 0103047 0000000705209 000014777001016     10 2214777          1008202100000000029900000000 02N1003202100000000000000000000000000000000000000000000000000000000000000000000000000000010588409758              3000   090000000000 
7560001300130Q 011000010588409758GREIZIANE SOARES DA SILVA               Rua Boston 762 N                        BETHaNIA       35164035IPATINGA       MG2023957315000127PROMEDICO PLANO ASSISTENCIAL A          000                            
7560001300131P 0103047 0000000705209 000014777001016     10 2214777          1009202100000000029900000000 02N1003202100000000000000000000000000000000000000000000000000000000000000000000000000000010588409758              3000   090000000000 
7560001300132Q 011000010588409758GREIZIANE SOARES DA SILVA               Rua Boston 762 N                        BETHaNIA       35164035IPATINGA       MG2023957315000127PROMEDICO PLANO ASSISTENCIAL A          000                            
7560001300133P 0103047 0000000705209 000014777001016     10 2214777          1010202100000000029900000000 02N1003202100000000000000000000000000000000000000000000000000000000000000000000000000000010588409758              3000   090000000000 
7560001300134Q 011000010588409758GREIZIANE SOARES DA SILVA               Rua Boston 762 N                        BETHaNIA       35164035IPATINGA       MG2023957315000127PROMEDICO PLANO ASSISTENCIAL A          000                            
7560001300135P 0103047 0000000705209 000014777001016     10 2214777          1011202100000000029900000000 02N1003202100000000000000000000000000000000000000000000000000000000000000000000000000000010588409758              3000   090000000000 
7560001300136Q 011000010588409758GREIZIANE SOARES DA SILVA               Rua Boston 762 N                        BETHaNIA       35164035IPATINGA       MG2023957315000127PROMEDICO PLANO ASSISTENCIAL A          000                            
7560001300137P 0103047 0000000705209 000014777001016     10 2214777          1012202100000000029900000000 02N1003202100000000000000000000000000000000000000000000000000000000000000000000000000000010588409758              3000   090000000000 
7560001300138Q 011000010588409758GREIZIANE SOARES DA SILVA               Rua Boston 762 N                        BETHaNIA       35164035IPATINGA       MG2023957315000127PROMEDICO PLANO ASSISTENCIAL A          000                            
7560001300139P 0103047 0000000705209 000014777001016     10 2214777          1001202200000000029900000000 02N1003202100000000000000000000000000000000000000000000000000000000000000000000000000000010588409758              3000   090000000000 
7560001300140Q 011000010588409758GREIZIANE SOARES DA SILVA               Rua Boston 762 N                        BETHaNIA       35164035IPATINGA       MG2023957315000127PROMEDICO PLANO ASSISTENCIAL A          000                            
7560001300141P 0103047 0000000705209 000014777001016     10 2214777          1002202200000000029900000000 02N1003202100000000000000000000000000000000000000000000000000000000000000000000000000000010588409758              3000   090000000000 
7560001300142Q 011000010588409758GREIZIANE SOARES DA SILVA               Rua Boston 762 N                        BETHaNIA       35164035IPATINGA       MG2023957315000127PROMEDICO PLANO ASSISTENCIAL A          000                            
7560001300143P 0103047 0000000705209 000014777001016     10 2214777          1003202200000000029900000000 02N1003202100000000000000000000000000000000000000000000000000000000000000000000000000000010588409758              3000   090000000000 
7560001300144Q 011000010588409758GREIZIANE SOARES DA SILVA               Rua Boston 762 N                        BETHaNIA       35164035IPATINGA       MG2023957315000127PROMEDICO PLANO ASSISTENCIAL A          000                            
7560001300145P 0103047 0000000705209 000014783601016     10 2214783          1504202100000000029900000000 02N1003202100000000000000000000000000000000000000000000000000000000000000000000000000000074211889672              3000   090000000000 
7560001300146Q 011000074211889672GRIMALDO CELESTRINO PINTO               Rua S??o Borja 56                       CARAVELAS      35164283IPATINGA       MG2023957315000127PROMEDICO PLANO ASSISTENCIAL A          000                            
7560001300147P 0103047 0000000705209 000014783601016     10 2214783          1505202100000000029900000000 02N1003202100000000000000000000000000000000000000000000000000000000000000000000000000000074211889672              3000   090000000000 
7560001300148Q 011000074211889672GRIMALDO CELESTRINO PINTO               Rua S??o Borja 56                       CARAVELAS      35164283IPATINGA       MG2023957315000127PROMEDICO PLANO ASSISTENCIAL A          000                            
7560001300149P 0103047 0000000705209 000014783601016     10 2214783          1506202100000000029900000000 02N1003202100000000000000000000000000000000000000000000000000000000000000000000000000000074211889672              3000   090000000000 
7560001300150Q 011000074211889672GRIMALDO CELESTRINO PINTO               Rua S??o Borja 56                       CARAVELAS      35164283IPATINGA       MG2023957315000127PROMEDICO PLANO ASSISTENCIAL A          000                            
7560001300151P 0103047 0000000705209 000014783601016     10 2214783          1507202100000000029900000000 02N1003202100000000000000000000000000000000000000000000000000000000000000000000000000000074211889672              3000   090000000000 
7560001300152Q 011000074211889672GRIMALDO CELESTRINO PINTO               Rua S??o Borja 56                       CARAVELAS      35164283IPATINGA       MG2023957315000127PROMEDICO PLANO ASSISTENCIAL A          000                            
7560001300153P 0103047 0000000705209 000014783601016     10 2214783          1508202100000000029900000000 02N1003202100000000000000000000000000000000000000000000000000000000000000000000000000000074211889672              3000   090000000000 
7560001300154Q 011000074211889672GRIMALDO CELESTRINO PINTO               Rua S??o Borja 56                       CARAVELAS      35164283IPATINGA       MG2023957315000127PROMEDICO PLANO ASSISTENCIAL A          000                            
7560001300155P 0103047 0000000705209 000014783601016     10 2214783          1509202100000000029900000000 02N1003202100000000000000000000000000000000000000000000000000000000000000000000000000000074211889672              3000   090000000000 
7560001300156Q 011000074211889672GRIMALDO CELESTRINO PINTO               Rua S??o Borja 56                       CARAVELAS      35164283IPATINGA       MG2023957315000127PROMEDICO PLANO ASSISTENCIAL A          000                            
7560001300157P 0103047 0000000705209 000014783601016     10 2214783          1510202100000000029900000000 02N1003202100000000000000000000000000000000000000000000000000000000000000000000000000000074211889672              3000   090000000000 
7560001300158Q 011000074211889672GRIMALDO CELESTRINO PINTO               Rua S??o Borja 56                       CARAVELAS      35164283IPATINGA       MG2023957315000127PROMEDICO PLANO ASSISTENCIAL A          000                            
7560001300159P 0103047 0000000705209 000014783601016     10 2214783          1511202100000000029900000000 02N1003202100000000000000000000000000000000000000000000000000000000000000000000000000000074211889672              3000   090000000000 
7560001300160Q 011000074211889672GRIMALDO CELESTRINO PINTO               Rua S??o Borja 56                       CARAVELAS      35164283IPATINGA       MG2023957315000127PROMEDICO PLANO ASSISTENCIAL A          000                            
7560001300161P 0103047 0000000705209 000014783601016     10 2214783          1512202100000000029900000000 02N1003202100000000000000000000000000000000000000000000000000000000000000000000000000000074211889672              3000   090000000000 
7560001300162Q 011000074211889672GRIMALDO CELESTRINO PINTO               Rua S??o Borja 56                       CARAVELAS      35164283IPATINGA       MG2023957315000127PROMEDICO PLANO ASSISTENCIAL A          000                            
7560001300163P 0103047 0000000705209 000014783601016     10 2214783          1501202200000000029900000000 02N1003202100000000000000000000000000000000000000000000000000000000000000000000000000000074211889672              3000   090000000000 
7560001300164Q 011000074211889672GRIMALDO CELESTRINO PINTO               Rua S??o Borja 56                       CARAVELAS      35164283IPATINGA       MG2023957315000127PROMEDICO PLANO ASSISTENCIAL A          000                            
7560001300165P 0103047 0000000705209 000014783601016     10 2214783          1502202200000000029900000000 02N1003202100000000000000000000000000000000000000000000000000000000000000000000000000000074211889672              3000   090000000000 
7560001300166Q 011000074211889672GRIMALDO CELESTRINO PINTO               Rua S??o Borja 56                       CARAVELAS      35164283IPATINGA       MG2023957315000127PROMEDICO PLANO ASSISTENCIAL A          000                            
7560001300167P 0103047 0000000705209 000014783601016     10 2214783          1503202200000000029900000000 02N1003202100000000000000000000000000000000000000000000000000000000000000000000000000000074211889672              3000   090000000000 
7560001300168Q 011000074211889672GRIMALDO CELESTRINO PINTO               Rua S??o Borja 56                       CARAVELAS      35164283IPATINGA       MG2023957315000127PROMEDICO PLANO ASSISTENCIAL A          000                            
7560001300169P 0103047 0000000705209 000014784301016     10 2214784          1004202100000000029900000000 02N1003202100000000000000000000000000000000000000000000000000000000000000000000000000000098217119600              3000   090000000000 
7560001300170Q 011000098217119600JANILSON RODRIGUES SOARES               RUA SAPUCAIA 65                         CENTRO         35340000REVES DO BELEM MG2023957315000127PROMEDICO PLANO ASSISTENCIAL A          000                            
7560001300171P 0103047 0000000705209 000014784301016     10 2214784          1005202100000000029900000000 02N1003202100000000000000000000000000000000000000000000000000000000000000000000000000000098217119600              3000   090000000000 
7560001300172Q 011000098217119600JANILSON RODRIGUES SOARES               RUA SAPUCAIA 65                         CENTRO         35340000REVES DO BELEM MG2023957315000127PROMEDICO PLANO ASSISTENCIAL A          000                            
7560001300173P 0103047 0000000705209 000014784301016     10 2214784          1006202100000000029900000000 02N1003202100000000000000000000000000000000000000000000000000000000000000000000000000000098217119600              3000   090000000000 
7560001300174Q 011000098217119600JANILSON RODRIGUES SOARES               RUA SAPUCAIA 65                         CENTRO         35340000REVES DO BELEM MG2023957315000127PROMEDICO PLANO ASSISTENCIAL A          000                            
7560001300175P 0103047 0000000705209 000014784301016     10 2214784          1007202100000000029900000000 02N1003202100000000000000000000000000000000000000000000000000000000000000000000000000000098217119600              3000   090000000000 
7560001300176Q 011000098217119600JANILSON RODRIGUES SOARES               RUA SAPUCAIA 65                         CENTRO         35340000REVES DO BELEM MG2023957315000127PROMEDICO PLANO ASSISTENCIAL A          000                            
7560001300177P 0103047 0000000705209 000014784301016     10 2214784          1008202100000000029900000000 02N1003202100000000000000000000000000000000000000000000000000000000000000000000000000000098217119600              3000   090000000000 
7560001300178Q 011000098217119600JANILSON RODRIGUES SOARES               RUA SAPUCAIA 65                         CENTRO         35340000REVES DO BELEM MG2023957315000127PROMEDICO PLANO ASSISTENCIAL A          000                            
7560001300179P 0103047 0000000705209 000014784301016     10 2214784          1009202100000000029900000000 02N1003202100000000000000000000000000000000000000000000000000000000000000000000000000000098217119600              3000   090000000000 
7560001300180Q 011000098217119600JANILSON RODRIGUES SOARES               RUA SAPUCAIA 65                         CENTRO         35340000REVES DO BELEM MG2023957315000127PROMEDICO PLANO ASSISTENCIAL A          000                            
7560001300181P 0103047 0000000705209 000014784301016     10 2214784          1010202100000000029900000000 02N1003202100000000000000000000000000000000000000000000000000000000000000000000000000000098217119600              3000   090000000000 
7560001300182Q 011000098217119600JANILSON RODRIGUES SOARES               RUA SAPUCAIA 65                         CENTRO         35340000REVES DO BELEM MG2023957315000127PROMEDICO PLANO ASSISTENCIAL A          000                            
7560001300183P 0103047 0000000705209 000014784301016     10 2214784          1011202100000000029900000000 02N1003202100000000000000000000000000000000000000000000000000000000000000000000000000000098217119600              3000   090000000000 
7560001300184Q 011000098217119600JANILSON RODRIGUES SOARES               RUA SAPUCAIA 65                         CENTRO         35340000REVES DO BELEM MG2023957315000127PROMEDICO PLANO ASSISTENCIAL A          000                            
7560001300185P 0103047 0000000705209 000014784301016     10 2214784          1012202100000000029900000000 02N1003202100000000000000000000000000000000000000000000000000000000000000000000000000000098217119600              3000   090000000000 
7560001300186Q 011000098217119600JANILSON RODRIGUES SOARES               RUA SAPUCAIA 65                         CENTRO         35340000REVES DO BELEM MG2023957315000127PROMEDICO PLANO ASSISTENCIAL A          000                            
7560001300187P 0103047 0000000705209 000014784301016     10 2214784          1001202200000000029900000000 02N1003202100000000000000000000000000000000000000000000000000000000000000000000000000000098217119600              3000   090000000000 
7560001300188Q 011000098217119600JANILSON RODRIGUES SOARES               RUA SAPUCAIA 65                         CENTRO         35340000REVES DO BELEM MG2023957315000127PROMEDICO PLANO ASSISTENCIAL A          000                            
7560001300189P 0103047 0000000705209 000014784301016     10 2214784          1002202200000000029900000000 02N1003202100000000000000000000000000000000000000000000000000000000000000000000000000000098217119600              3000   090000000000 
7560001300190Q 011000098217119600JANILSON RODRIGUES SOARES               RUA SAPUCAIA 65                         CENTRO         35340000REVES DO BELEM MG2023957315000127PROMEDICO PLANO ASSISTENCIAL A          000                            
7560001300191P 0103047 0000000705209 000014784301016     10 2214784          1003202200000000029900000000 02N1003202100000000000000000000000000000000000000000000000000000000000000000000000000000098217119600              3000   090000000000 
7560001300192Q 011000098217119600JANILSON RODRIGUES SOARES               RUA SAPUCAIA 65                         CENTRO         35340000REVES DO BELEM MG2023957315000127PROMEDICO PLANO ASSISTENCIAL A          000                            
75600015         00009800009700000000034644000000000000000000000000000000000000000000000000000000000000000000000000                                                                                                                             
75699999         000001000098000000                                                                                                                                                                                                             
