75600000         223957315000127                    03047 00000007052090PROMEDICO PLANO ASSISTENCIAL ASICOOB                                  11603202121050500000108100000                                                                     
75600011R01  040 2023957315000127                    03047 0000000705209 PROMEDICO PLANO ASSISTENCIAL A                                                                                000000011603202100000000                                 
7560001300001P 0103047 0000000705209 000014781001016     10 2214781          2004202100000000039800000000 02N1603202100000000000000000000000000000000000000000000000000000000000000000000000000000000052719677              3000   090000000000 
7560001300002Q 011000000052719677ADAO LAURINDO                           Rua Amazonas 416                        CARAVELAS      35164286IPATINGA       MG2023957315000127PROMEDICO PLANO ASSISTENCIAL A          000                            
7560001300003P 0103047 0000000705209 000014781001016     10 2214781          2005202100000000039800000000 02N1603202100000000000000000000000000000000000000000000000000000000000000000000000000000000052719677              3000   090000000000 
7560001300004Q 011000000052719677ADAO LAURINDO                           Rua Amazonas 416                        CARAVELAS      35164286IPATINGA       MG2023957315000127PROMEDICO PLANO ASSISTENCIAL A          000                            
7560001300005P 0103047 0000000705209 000014781001016     10 2214781          2006202100000000039800000000 02N1603202100000000000000000000000000000000000000000000000000000000000000000000000000000000052719677              3000   090000000000 
7560001300006Q 011000000052719677ADAO LAURINDO                           Rua Amazonas 416                        CARAVELAS      35164286IPATINGA       MG2023957315000127PROMEDICO PLANO ASSISTENCIAL A          000                            
7560001300007P 0103047 0000000705209 000014781001016     10 2214781          2007202100000000039800000000 02N1603202100000000000000000000000000000000000000000000000000000000000000000000000000000000052719677              3000   090000000000 
7560001300008Q 011000000052719677ADAO LAURINDO                           Rua Amazonas 416                        CARAVELAS      35164286IPATINGA       MG2023957315000127PROMEDICO PLANO ASSISTENCIAL A          000                            
7560001300009P 0103047 0000000705209 000014781001016     10 2214781          2008202100000000039800000000 02N1603202100000000000000000000000000000000000000000000000000000000000000000000000000000000052719677              3000   090000000000 
7560001300010Q 011000000052719677ADAO LAURINDO                           Rua Amazonas 416                        CARAVELAS      35164286IPATINGA       MG2023957315000127PROMEDICO PLANO ASSISTENCIAL A          000                            
7560001300011P 0103047 0000000705209 000014781001016     10 2214781          2009202100000000039800000000 02N1603202100000000000000000000000000000000000000000000000000000000000000000000000000000000052719677              3000   090000000000 
7560001300012Q 011000000052719677ADAO LAURINDO                           Rua Amazonas 416                        CARAVELAS      35164286IPATINGA       MG2023957315000127PROMEDICO PLANO ASSISTENCIAL A          000                            
7560001300013P 0103047 0000000705209 000014781001016     10 2214781          2010202100000000039800000000 02N1603202100000000000000000000000000000000000000000000000000000000000000000000000000000000052719677              3000   090000000000 
7560001300014Q 011000000052719677ADAO LAURINDO                           Rua Amazonas 416                        CARAVELAS      35164286IPATINGA       MG2023957315000127PROMEDICO PLANO ASSISTENCIAL A          000                            
7560001300015P 0103047 0000000705209 000014781001016     10 2214781          2011202100000000039800000000 02N1603202100000000000000000000000000000000000000000000000000000000000000000000000000000000052719677              3000   090000000000 
7560001300016Q 011000000052719677ADAO LAURINDO                           Rua Amazonas 416                        CARAVELAS      35164286IPATINGA       MG2023957315000127PROMEDICO PLANO ASSISTENCIAL A          000                            
7560001300017P 0103047 0000000705209 000014781001016     10 2214781          2012202100000000039800000000 02N1603202100000000000000000000000000000000000000000000000000000000000000000000000000000000052719677              3000   090000000000 
7560001300018Q 011000000052719677ADAO LAURINDO                           Rua Amazonas 416                        CARAVELAS      35164286IPATINGA       MG2023957315000127PROMEDICO PLANO ASSISTENCIAL A          000                            
7560001300019P 0103047 0000000705209 000014781001016     10 2214781          2001202200000000039800000000 02N1603202100000000000000000000000000000000000000000000000000000000000000000000000000000000052719677              3000   090000000000 
7560001300020Q 011000000052719677ADAO LAURINDO                           Rua Amazonas 416                        CARAVELAS      35164286IPATINGA       MG2023957315000127PROMEDICO PLANO ASSISTENCIAL A          000                            
7560001300021P 0103047 0000000705209 000014781001016     10 2214781          2002202200000000039800000000 02N1603202100000000000000000000000000000000000000000000000000000000000000000000000000000000052719677              3000   090000000000 
7560001300022Q 011000000052719677ADAO LAURINDO                           Rua Amazonas 416                        CARAVELAS      35164286IPATINGA       MG2023957315000127PROMEDICO PLANO ASSISTENCIAL A          000                            
7560001300023P 0103047 0000000705209 000014781001016     10 2214781          2003202200000000039800000000 02N1603202100000000000000000000000000000000000000000000000000000000000000000000000000000000052719677              3000   090000000000 
7560001300024Q 011000000052719677ADAO LAURINDO                           Rua Amazonas 416                        CARAVELAS      35164286IPATINGA       MG2023957315000127PROMEDICO PLANO ASSISTENCIAL A          000                            
75600015         00001400001300000000004776000000000000000000000000000000000000000000000000000000000000000000000000                                                                                                                             
75699999         000001000014000000                                                                                                                                                                                                             
