75600000         223957315000127                    03047 00000007052090PROMEDICO PLANO ASSISTENCIAL ASICOOB                                  12303202121231300000108100000                                                                     
75600011R01  040 2023957315000127                    03047 0000000705209 PROMEDICO PLANO ASSISTENCIAL A                                                                                000000012303202100000000                                 
7560001300001P 0103047 0000000705209 000012282001016     10 2212282          2304202100000000029900000000 02N2303202100000000000000000000000000000000000000000000000000000000000000000000000000000082501998634              3000   090000000000 
7560001300002Q 011000082501998634ADAO GONCALVES BAHIA                    Rua Pedras Bonitas 640                  IGUACU         35162000IPATINGA       MG2023957315000127PROMEDICO PLANO ASSISTENCIAL A          000                            
7560001300003P 0103047 0000000705209 000012282001016     10 2212282          2305202100000000029900000000 02N2303202100000000000000000000000000000000000000000000000000000000000000000000000000000082501998634              3000   090000000000 
7560001300004Q 011000082501998634ADAO GONCALVES BAHIA                    Rua Pedras Bonitas 640                  IGUACU         35162000IPATINGA       MG2023957315000127PROMEDICO PLANO ASSISTENCIAL A          000                            
7560001300005P 0103047 0000000705209 000012282001016     10 2212282          2306202100000000029900000000 02N2303202100000000000000000000000000000000000000000000000000000000000000000000000000000082501998634              3000   090000000000 
7560001300006Q 011000082501998634ADAO GONCALVES BAHIA                    Rua Pedras Bonitas 640                  IGUACU         35162000IPATINGA       MG2023957315000127PROMEDICO PLANO ASSISTENCIAL A          000                            
7560001300007P 0103047 0000000705209 000012282001016     10 2212282          2307202100000000029900000000 02N2303202100000000000000000000000000000000000000000000000000000000000000000000000000000082501998634              3000   090000000000 
7560001300008Q 011000082501998634ADAO GONCALVES BAHIA                    Rua Pedras Bonitas 640                  IGUACU         35162000IPATINGA       MG2023957315000127PROMEDICO PLANO ASSISTENCIAL A          000                            
7560001300009P 0103047 0000000705209 000012282001016     10 2212282          2308202100000000029900000000 02N2303202100000000000000000000000000000000000000000000000000000000000000000000000000000082501998634              3000   090000000000 
7560001300010Q 011000082501998634ADAO GONCALVES BAHIA                    Rua Pedras Bonitas 640                  IGUACU         35162000IPATINGA       MG2023957315000127PROMEDICO PLANO ASSISTENCIAL A          000                            
7560001300011P 0103047 0000000705209 000012282001016     10 2212282          2309202100000000029900000000 02N2303202100000000000000000000000000000000000000000000000000000000000000000000000000000082501998634              3000   090000000000 
7560001300012Q 011000082501998634ADAO GONCALVES BAHIA                    Rua Pedras Bonitas 640                  IGUACU         35162000IPATINGA       MG2023957315000127PROMEDICO PLANO ASSISTENCIAL A          000                            
7560001300013P 0103047 0000000705209 000012282001016     10 2212282          2310202100000000029900000000 02N2303202100000000000000000000000000000000000000000000000000000000000000000000000000000082501998634              3000   090000000000 
7560001300014Q 011000082501998634ADAO GONCALVES BAHIA                    Rua Pedras Bonitas 640                  IGUACU         35162000IPATINGA       MG2023957315000127PROMEDICO PLANO ASSISTENCIAL A          000                            
7560001300015P 0103047 0000000705209 000012282001016     10 2212282          2311202100000000029900000000 02N2303202100000000000000000000000000000000000000000000000000000000000000000000000000000082501998634              3000   090000000000 
7560001300016Q 011000082501998634ADAO GONCALVES BAHIA                    Rua Pedras Bonitas 640                  IGUACU         35162000IPATINGA       MG2023957315000127PROMEDICO PLANO ASSISTENCIAL A          000                            
7560001300017P 0103047 0000000705209 000012282001016     10 2212282          2312202100000000029900000000 02N2303202100000000000000000000000000000000000000000000000000000000000000000000000000000082501998634              3000   090000000000 
7560001300018Q 011000082501998634ADAO GONCALVES BAHIA                    Rua Pedras Bonitas 640                  IGUACU         35162000IPATINGA       MG2023957315000127PROMEDICO PLANO ASSISTENCIAL A          000                            
7560001300019P 0103047 0000000705209 000012282001016     10 2212282          2301202200000000029900000000 02N2303202100000000000000000000000000000000000000000000000000000000000000000000000000000082501998634              3000   090000000000 
7560001300020Q 011000082501998634ADAO GONCALVES BAHIA                    Rua Pedras Bonitas 640                  IGUACU         35162000IPATINGA       MG2023957315000127PROMEDICO PLANO ASSISTENCIAL A          000                            
7560001300021P 0103047 0000000705209 000012282001016     10 2212282          2302202200000000029900000000 02N2303202100000000000000000000000000000000000000000000000000000000000000000000000000000082501998634              3000   090000000000 
7560001300022Q 011000082501998634ADAO GONCALVES BAHIA                    Rua Pedras Bonitas 640                  IGUACU         35162000IPATINGA       MG2023957315000127PROMEDICO PLANO ASSISTENCIAL A          000                            
7560001300023P 0103047 0000000705209 000012282001016     10 2212282          2303202200000000029900000000 02N2303202100000000000000000000000000000000000000000000000000000000000000000000000000000082501998634              3000   090000000000 
7560001300024Q 011000082501998634ADAO GONCALVES BAHIA                    Rua Pedras Bonitas 640                  IGUACU         35162000IPATINGA       MG2023957315000127PROMEDICO PLANO ASSISTENCIAL A          000                            
75600015         00001400001300000000003588000000000000000000000000000000000000000000000000000000000000000000000000                                                                                                                             
75699999         000001000014000000                                                                                                                                                                                                             
