75600000         223957315000127                    03047 00000007052090PROMEDICO PLANO ASSISTENCIAL ASICOOB                                  12403202116041400000108100000                                                                     
75600011R01  040 2023957315000127                    03047 0000000705209 PROMEDICO PLANO ASSISTENCIAL A                                                                                000000012403202100000000                                 
7560001300001P 0103047 0000000705209 000014965501016     10 2214965          2404202100000000039800000000 02N2403202100000000000000000000000000000000000000000000000000000000000000000000000000000000066874661              3000   090000000000 
7560001300002Q 011000000066874661CARLOS HENRIQUE RENNA DE VITTA          Rua Cristal 442 442                     ASTECA (SaO BEN33120100SANTA LUZIA    MG2023957315000127PROMEDICO PLANO ASSISTENCIAL A          000                            
7560001300003P 0103047 0000000705209 000014965501016     10 2214965          2405202100000000039800000000 02N2403202100000000000000000000000000000000000000000000000000000000000000000000000000000000066874661              3000   090000000000 
7560001300004Q 011000000066874661CARLOS HENRIQUE RENNA DE VITTA          Rua Cristal 442 442                     ASTECA (SaO BEN33120100SANTA LUZIA    MG2023957315000127PROMEDICO PLANO ASSISTENCIAL A          000                            
7560001300005P 0103047 0000000705209 000014965501016     10 2214965          2406202100000000039800000000 02N2403202100000000000000000000000000000000000000000000000000000000000000000000000000000000066874661              3000   090000000000 
7560001300006Q 011000000066874661CARLOS HENRIQUE RENNA DE VITTA          Rua Cristal 442 442                     ASTECA (SaO BEN33120100SANTA LUZIA    MG2023957315000127PROMEDICO PLANO ASSISTENCIAL A          000                            
7560001300007P 0103047 0000000705209 000014965501016     10 2214965          2407202100000000039800000000 02N2403202100000000000000000000000000000000000000000000000000000000000000000000000000000000066874661              3000   090000000000 
7560001300008Q 011000000066874661CARLOS HENRIQUE RENNA DE VITTA          Rua Cristal 442 442                     ASTECA (SaO BEN33120100SANTA LUZIA    MG2023957315000127PROMEDICO PLANO ASSISTENCIAL A          000                            
7560001300009P 0103047 0000000705209 000014965501016     10 2214965          2408202100000000039800000000 02N2403202100000000000000000000000000000000000000000000000000000000000000000000000000000000066874661              3000   090000000000 
7560001300010Q 011000000066874661CARLOS HENRIQUE RENNA DE VITTA          Rua Cristal 442 442                     ASTECA (SaO BEN33120100SANTA LUZIA    MG2023957315000127PROMEDICO PLANO ASSISTENCIAL A          000                            
7560001300011P 0103047 0000000705209 000014965501016     10 2214965          2409202100000000039800000000 02N2403202100000000000000000000000000000000000000000000000000000000000000000000000000000000066874661              3000   090000000000 
7560001300012Q 011000000066874661CARLOS HENRIQUE RENNA DE VITTA          Rua Cristal 442 442                     ASTECA (SaO BEN33120100SANTA LUZIA    MG2023957315000127PROMEDICO PLANO ASSISTENCIAL A          000                            
7560001300013P 0103047 0000000705209 000014965501016     10 2214965          2410202100000000039800000000 02N2403202100000000000000000000000000000000000000000000000000000000000000000000000000000000066874661              3000   090000000000 
7560001300014Q 011000000066874661CARLOS HENRIQUE RENNA DE VITTA          Rua Cristal 442 442                     ASTECA (SaO BEN33120100SANTA LUZIA    MG2023957315000127PROMEDICO PLANO ASSISTENCIAL A          000                            
7560001300015P 0103047 0000000705209 000014965501016     10 2214965          2411202100000000039800000000 02N2403202100000000000000000000000000000000000000000000000000000000000000000000000000000000066874661              3000   090000000000 
7560001300016Q 011000000066874661CARLOS HENRIQUE RENNA DE VITTA          Rua Cristal 442 442                     ASTECA (SaO BEN33120100SANTA LUZIA    MG2023957315000127PROMEDICO PLANO ASSISTENCIAL A          000                            
7560001300017P 0103047 0000000705209 000014965501016     10 2214965          2412202100000000039800000000 02N2403202100000000000000000000000000000000000000000000000000000000000000000000000000000000066874661              3000   090000000000 
7560001300018Q 011000000066874661CARLOS HENRIQUE RENNA DE VITTA          Rua Cristal 442 442                     ASTECA (SaO BEN33120100SANTA LUZIA    MG2023957315000127PROMEDICO PLANO ASSISTENCIAL A          000                            
7560001300019P 0103047 0000000705209 000014965501016     10 2214965          2401202200000000039800000000 02N2403202100000000000000000000000000000000000000000000000000000000000000000000000000000000066874661              3000   090000000000 
7560001300020Q 011000000066874661CARLOS HENRIQUE RENNA DE VITTA          Rua Cristal 442 442                     ASTECA (SaO BEN33120100SANTA LUZIA    MG2023957315000127PROMEDICO PLANO ASSISTENCIAL A          000                            
7560001300021P 0103047 0000000705209 000014965501016     10 2214965          2402202200000000039800000000 02N2403202100000000000000000000000000000000000000000000000000000000000000000000000000000000066874661              3000   090000000000 
7560001300022Q 011000000066874661CARLOS HENRIQUE RENNA DE VITTA          Rua Cristal 442 442                     ASTECA (SaO BEN33120100SANTA LUZIA    MG2023957315000127PROMEDICO PLANO ASSISTENCIAL A          000                            
7560001300023P 0103047 0000000705209 000014965501016     10 2214965          2403202200000000039800000000 02N2403202100000000000000000000000000000000000000000000000000000000000000000000000000000000066874661              3000   090000000000 
7560001300024Q 011000000066874661CARLOS HENRIQUE RENNA DE VITTA          Rua Cristal 442 442                     ASTECA (SaO BEN33120100SANTA LUZIA    MG2023957315000127PROMEDICO PLANO ASSISTENCIAL A          000                            
75600015         00001400001300000000004776000000000000000000000000000000000000000000000000000000000000000000000000                                                                                                                             
75699999         000001000014000000                                                                                                                                                                                                             
