75600000         214762735000167                    03047 000000070520 9MACWEB SOLUTIONS LTDA         BANCO ITAU SA                           12502202119292500000104000000                                                      000            
34100011R0100030 20053460780001860000000000000000000002932 000000024992 9MACWEB SOLUTIONS LTDA                                                                                         000000012502202125022021                                 
3410001300001P 0102932 000000024992 9109123456783        000001              1005201600000000010000000000005N25022021011052016000000000000000000000000000000000000000000000000003800000000000000000                         0000000000000000000 
3410001300002Q 012005346078000186GLAUBER PORTELLA                        RUA ALVARENGA                           GUARANI        31814500BELO HORIZONTE MG2005346078000186MACWEB SOLUTIONS LTDA                   000                            
34100015         0000040000010000000000100000000000000000000000000000000000000000000000000000000000000000000000000000000000                                                                                                                     
34199999         000001000006000000                                                                                                                                                                                                             
