01REMESSA01COBRANCA       00000000000003978200ASSOCIACAO DOS APOSENTADOS E  756BANCOOBCED     2701220000067                                                                                                                                                                                                                                                                                               000001
1010001309406960600000000000000000000                         0000000006750100       0000000000000000    201010000014027101222000000000300000000000010270122000000000000000020000000000000000000000000000000000000000000000100013094069606TEREZINHA DE JESUS RENNA DE VITTA       RUA CARLOS DRUMOND DE ANDRADE 102 MORMORADA DOS HERO35920000NOVA ERA       MG                                        00 000012
9                                                                                                                                                                                                                                                                                                                                                                                                         000013