01REMESSA01COBRANCA       00000000000000027081SANTA CASA DE MISERICORDIA DE 756BANCOOBCED     2711190000541                                                                                                                                                                                                                                                                                               000001
1010000006687466100000000000000000000                         0000000054130100       0000000000000000    201010000000973271119000000001050000000000010271119000000000000000020000000000000000000000000000000000000000000000100000066874661HENRIQUE TESTE                          RUA CORONEL MELQUIADES HORTA 442 ASTEASTECA         33120100SANTA LUZIA    MG                                        00 000002
9                                                                                                                                                                                                                                                                                                                                                                                                         000003