01REMESSA01COBRANCA       00000000000003978200PROMEDICO PLANO ASSISTENCIAL  756BANCOOBCED     2706240000041                                                                                                                                                                                                                                                                                               000001
1020107749500011000000000000000000000                         0000000004110100       0000000000000000    201010000030849271224000000000990000000000010270624000000000000000020000000000000000000000000000000000000000000000201077495000110HOTEL METROPOLITANO                     AV JULITA PIRES BRETAS, 644 0 BOM JESBOM JESUS      35170026CORONEL FABRICIMG                                        00 000008
9                                                                                                                                                                                                                                                                                                                                                                                                         000009