01REMESSA01COBRANCA       00000000000003978200PROMEDICO PLANO ASSISTENCIAL  756BANCOOBCED     1506210000203                                                                                                                                                                                                                                                                                               000001
1010005454665665300000000000000000000                         0000000020310100       0000000000000000    201010000012379150621000000000398000000000010150621000000000000000020000000000000000000000000000000000000000000000100054546656653ADEILSON GERMANO DE JESUS               RUA DOS GOITACAZES 381 IGUAçU       IGUAçU        35162061IPATINGA       MG                                        00 000002
9                                                                                                                                                                                                                                                                                                                                                                                                         000003