01REMESSA01COBRANCA       00000000000003978200PROMEDICOS                    756BANCOOBCED     2402210000023                                                                                                                                                                                                                                                                                               000001
1010009821711960000000000000000000000                         0000000002330100       0000000000000000    201010000014784241221000000000299000000000010240221000000000000000020000000000000000000000000000000000000000000000100098217119600JANILSON RODRIGUES SOARES               RUA SAPUCAIA 65 CENTRO               CENTRO         35340000REVES DO BELEM MG                                        00 000012
9                                                                                                                                                                                                                                                                                                                                                                                                         000013