01REMESSA01COBRANCA       00000000000003978200PROMEDICO PLANO ASSISTENCIAL  237BRADESCO       261021        MX0000000                                                                                                                                                                                                                                                                                     000001
1000000000000000000000090304700705209                         0000000000000000206500000000002N           0  01000001405726102100000000039800000000001N261021000000000000000002610210000000000000000000000000000000000000000100003882946636 DENISE RODRIGUES DA SILVA CAMPOS(RESPONCS CORDEIROS  CORDEIROS                             35300000                                                            000002
9                                                                                                                                                                                                                                                                                                                                                                                                         000003