01REMESSA01COBRANCA       00000000000003978200ASSOCIACAO DOS APOSENTADOS E  756BANCOOBCED     2701220000067                                                                                                                                                                                                                                                                                               000001
1010001309406960600000000000000000000                         0000000006750100       0000000000000000    201010000014027100222000000000300000000000010270122000000000000000020000000000000000000000000000000000000000000000100013094069606TEREZINHA DE JESUS RENNA DE VITTA       RUA CARLOS DRUMOND DE ANDRADE 102 MORMORADA DOS HERO35920000NOVA ERA       MG                                        00 000002
1010001309406960600000000000000000000                         0000000006750100       0000000000000000    201010000014027100322000000000300000000000010270122000000000000000020000000000000000000000000000000000000000000000100013094069606TEREZINHA DE JESUS RENNA DE VITTA       RUA CARLOS DRUMOND DE ANDRADE 102 MORMORADA DOS HERO35920000NOVA ERA       MG                                        00 000003
1010001309406960600000000000000000000                         0000000006750100       0000000000000000    201010000014027100422000000000300000000000010270122000000000000000020000000000000000000000000000000000000000000000100013094069606TEREZINHA DE JESUS RENNA DE VITTA       RUA CARLOS DRUMOND DE ANDRADE 102 MORMORADA DOS HERO35920000NOVA ERA       MG                                        00 000004
1010001309406960600000000000000000000                         0000000006750100       0000000000000000    201010000014027100522000000000300000000000010270122000000000000000020000000000000000000000000000000000000000000000100013094069606TEREZINHA DE JESUS RENNA DE VITTA       RUA CARLOS DRUMOND DE ANDRADE 102 MORMORADA DOS HERO35920000NOVA ERA       MG                                        00 000005
1010001309406960600000000000000000000                         0000000006750100       0000000000000000    201010000014027100622000000000300000000000010270122000000000000000020000000000000000000000000000000000000000000000100013094069606TEREZINHA DE JESUS RENNA DE VITTA       RUA CARLOS DRUMOND DE ANDRADE 102 MORMORADA DOS HERO35920000NOVA ERA       MG                                        00 000006
1010001309406960600000000000000000000                         0000000006750100       0000000000000000    201010000014027100722000000000300000000000010270122000000000000000020000000000000000000000000000000000000000000000100013094069606TEREZINHA DE JESUS RENNA DE VITTA       RUA CARLOS DRUMOND DE ANDRADE 102 MORMORADA DOS HERO35920000NOVA ERA       MG                                        00 000007
1010001309406960600000000000000000000                         0000000006750100       0000000000000000    201010000014027100822000000000300000000000010270122000000000000000020000000000000000000000000000000000000000000000100013094069606TEREZINHA DE JESUS RENNA DE VITTA       RUA CARLOS DRUMOND DE ANDRADE 102 MORMORADA DOS HERO35920000NOVA ERA       MG                                        00 000008
1010001309406960600000000000000000000                         0000000006750100       0000000000000000    201010000014027100922000000000300000000000010270122000000000000000020000000000000000000000000000000000000000000000100013094069606TEREZINHA DE JESUS RENNA DE VITTA       RUA CARLOS DRUMOND DE ANDRADE 102 MORMORADA DOS HERO35920000NOVA ERA       MG                                        00 000009
1010001309406960600000000000000000000                         0000000006750100       0000000000000000    201010000014027101022000000000300000000000010270122000000000000000020000000000000000000000000000000000000000000000100013094069606TEREZINHA DE JESUS RENNA DE VITTA       RUA CARLOS DRUMOND DE ANDRADE 102 MORMORADA DOS HERO35920000NOVA ERA       MG                                        00 000010
1010001309406960600000000000000000000                         0000000006750100       0000000000000000    201010000014027101122000000000300000000000010270122000000000000000020000000000000000000000000000000000000000000000100013094069606TEREZINHA DE JESUS RENNA DE VITTA       RUA CARLOS DRUMOND DE ANDRADE 102 MORMORADA DOS HERO35920000NOVA ERA       MG                                        00 000011
1010001309406960600000000000000000000                         0000000006750100       0000000000000000    201010000014027101222000000000300000000000010270122000000000000000020000000000000000000000000000000000000000000000100013094069606TEREZINHA DE JESUS RENNA DE VITTA       RUA CARLOS DRUMOND DE ANDRADE 102 MORMORADA DOS HERO35920000NOVA ERA       MG                                        00 000012
9                                                                                                                                                                                                                                                                                                                                                                                                         000013