01REMESSA01COBRANCA       00000000000003978200ASSOCIACAO DOS APOSENTADOS E  237BRADESCO       270122        MX0000000                                                                                                                                                                                                                                                                                     000001
1000000000000000000000090304700705209                         0000000000000000062300000000002N           0  01000001402710082200000000030000000000001N270122000000000000000002701220000000000000000000000000000000000000000100013094069606TEREZINHA DE JESUS RENNA DE VITTA       RUA CARLOS DRUMOND DE ANDRADE 102 MORAD             35920000                                                            000002
9                                                                                                                                                                                                                                                                                                                                                                                                         000003