01REMESSA01COBRANCA       00000000000003978200PROMEDICO PLANO ASSISTENCIAL  756BANCOOBCED     2706240000034                                                                                                                                                                                                                                                                                               000001
1020107749500011000000000000000000000                         0000000003490100       0000000000000000    201010000030849270624000000000990000000000010270624000000000000000020000000000000000000000000000000000000000000000201077495000110HOTEL METROPOLITANO                     AV JULITA PIRES BRETAS, 644 0 BOM JESBOM JESUS      35170026CORONEL FABRICIMG                                        00 000002
1020107749500011000000000000000000000                         0000000003490100       0000000000000000    201010000030849270724000000000990000000000010270624000000000000000020000000000000000000000000000000000000000000000201077495000110HOTEL METROPOLITANO                     AV JULITA PIRES BRETAS, 644 0 BOM JESBOM JESUS      35170026CORONEL FABRICIMG                                        00 000003
1020107749500011000000000000000000000                         0000000003490100       0000000000000000    201010000030849270824000000000990000000000010270624000000000000000020000000000000000000000000000000000000000000000201077495000110HOTEL METROPOLITANO                     AV JULITA PIRES BRETAS, 644 0 BOM JESBOM JESUS      35170026CORONEL FABRICIMG                                        00 000004
1020107749500011000000000000000000000                         0000000003490100       0000000000000000    201010000030849270924000000000990000000000010270624000000000000000020000000000000000000000000000000000000000000000201077495000110HOTEL METROPOLITANO                     AV JULITA PIRES BRETAS, 644 0 BOM JESBOM JESUS      35170026CORONEL FABRICIMG                                        00 000005
1020107749500011000000000000000000000                         0000000003490100       0000000000000000    201010000030849271024000000000990000000000010270624000000000000000020000000000000000000000000000000000000000000000201077495000110HOTEL METROPOLITANO                     AV JULITA PIRES BRETAS, 644 0 BOM JESBOM JESUS      35170026CORONEL FABRICIMG                                        00 000006
1020107749500011000000000000000000000                         0000000003490100       0000000000000000    201010000030849271124000000000990000000000010270624000000000000000020000000000000000000000000000000000000000000000201077495000110HOTEL METROPOLITANO                     AV JULITA PIRES BRETAS, 644 0 BOM JESBOM JESUS      35170026CORONEL FABRICIMG                                        00 000007
1020107749500011000000000000000000000                         0000000003490100       0000000000000000    201010000030849271224000000000990000000000010270624000000000000000020000000000000000000000000000000000000000000000201077495000110HOTEL METROPOLITANO                     AV JULITA PIRES BRETAS, 644 0 BOM JESBOM JESUS      35170026CORONEL FABRICIMG                                        00 000008
9                                                                                                                                                                                                                                                                                                                                                                                                         000009